2362 2979
153 197 156 198 ⁷
216 193 229 201 “’
385 209 404 233 4
625 207 630 212 -
667 244 670 246 -
704 234 714 240 ..
745 195 813 243 Jg
854 234 855 237 Ἴ
981 236 985 239 μ
1014 194 1062 227 ct
1082 200 1203 237 parum
1227 202 1268 229 se
1291 178 1421 230 illorum
1445 194 1598 230 locorum
1621 196 1790 230 rationem
1804 194 2032 239 perspexisse
2049 192 2201 228 ostendit

151 263 453 320 m
473 262 695 316 Am}
714 267 716 269 ’
741 300 743 302 ,
798 298 805 305 s
885 298 887 301 ,
939 265 1061 308 parum
1083 261 1317 306 perpendisse.
1344 262 1481 308 Maioris
1506 264 1670 299 momenti
1685 265 1753 308 est,
1772 262 1861 307 quod
1878 262 2093 307 Augustinus
2111 262 2200 307 ipse,

150 330 354 386 μὴμὴ
374 336 442 373 13,
460 329 603 388 hilbo-
606 310 809 374 auxssiante
843 328 1050 374 invenimus,
1086 330 1238 373 apertius
1267 330 1424 366 Curionis
1459 333 1659 368 memoriam
1696 331 1872 366 excitasse
1911 330 2106 366 censendus
2131 331 2200 374 cst,

156 403 281 444 m
295 401 358 448 Ν,
394 403 468 448 31¹.,
477 400 696 446 Yam-cm
719 396 796 434 iliu
809 396 872 443 (tr.
906 397 960 442 4.)
989 397 1153 442 posuisse
1184 396 1440 442 loquentem
1472 400 1523 435 de
1556 395 1884 443 religionibus.
1943 398 2015 439 Qua
2046 407 2133 434 voce
2165 398 2199 433 si

159 470 275 517 lpum
298 470 378 506 libri
409 468 544 510 titulum
565 464 725 510 indicare
748 464 935 511 voluisset,
959 464 1116 510 profecto
1140 473 1209 500 non
1230 464 1487 510 loquentem
1513 467 1575 503 sed
1599 466 1881 503 scribentem
1906 464 1950 500 de
1973 465 2199 509 religionibus

156 536 625 589 m..v1mm;.res
647 534 763 569 autem
786 533 823 568 in
845 532 903 569 1110
928 532 1016 568 libro
1054 535 1233 567 enarratas
1257 536 1296 568 ut
1318 534 1577 578 religiones
1612 537 1691 580 apte
1715 534 1783 569 dici
1808 533 2035 578 affirmemus,
2061 536 2096 567 et
2118 535 2199 568 titu-

161 604 293 650 103..οζ
305 604 516 647 -rragrnenta
551 601 717 639 efficiunt.
766 601 981 646 Augustinus
1006 602 1118 647 enim,
1143 610 1245 646 quum
1268 601 1412 637 fidenter
1437 603 1585 638 affirmet
1607 602 1649 648 X,
1679 604 1722 648 1.,
1750 595 1954 646 'religionem
1976 603 2093 647 ipsum
2119 610 2199 637 esse

161 672 351 719 „imorum>
361 669 520 706 cultum
535 669 624 713 (Cic,
632 668 673 710 111.
684 668 723 704 D.
735 669 774 715 11,
784 670 850 715 3.),
868 669 1044 705 commode
1057 678 1147 715 eum,
1161 671 1219 713 qui
1231 669 1386 705 scribens
1402 670 1442 705 de
1456 671 1547 706 cultu
1560 671 1710 715 deorum,
1724 670 1846 714 quibus
1860 670 2002 706 deorum
2016 669 2200 705 virtutibus

161 729 413 792 aopssbenc'fieiis
423 737 641 773 nomines-ad
656 737 746 773 deos
755 737 917 787 colendos
929 740 1023 774 recte
1038 737 1285 783 compellantur
1307 740 1440 783 quaerit
1452 741 1487 774 et
1506 747 1594 784 quae
1607 741 1729 783 gentes
1742 738 1943 787 dignissima
1967 739 2011 774 de
2037 737 2103 774 deo
2129 738 2201 783 opi-

159 807 291 854 {nutes
317 805 518 843 castissima
541 814 645 841 sacra
667 807 880 843 instituerint
910 809 1088 842 enumerat
1120 808 1303 851 (mysteria
1327 825 1374 832 -—-
1399 807 1603 842 iudaeorum
1635 807 1719 842 deus
1737 826 1782 832 —
1799 808 1952 843 Romana
1976 807 2199 851 antiquitas),

157 874 219 911 110,
230 872 548 918 religionibus
572 872 723 910 locutum
746 883 827 910 esse
850 874 1041 921 profitetur,
1068 882 1170 919 quam
1193 883 1312 911 vocem
1343 874 1524 910 Trebatius
1549 876 1666 911 nescio
1694 876 1767 920 quis
1793 876 1971 921 inscripsit
1994 874 2093 910 libris
2118 875 2196 910 suis

150 941 347 993 v,matrones
366 950 402 987 a„
417 941 596 977 Macrobio
616 941 708 986 (Sat.
732 941 759 987 1,
788 943 844 978 16.
868 951 902 988 p.
936 943 1020 978 281.
1046 943 1118 988 Bip.
1144 942 1198 989 111,
1224 944 1257 978 3.
1282 943 1337 988 111,
1364 942 1431 989 7.),
1457 943 1560 979 Gellio
1585 942 1642 988 Vl,
1671 944 1737 988 12,
1762 943 1881 979 Servio
1906 943 1990 978 Aen.
2015 942 2071 988 Xl,
2096 944 2194 988 316„

85 1010 87 1012 ’
163 1005 315 1051 Arnobio
333 1009 401 1055 vll,
420 1007 486 1045 31.
512 1011 683 1045 excitatis.
720 1010 831 1052 Quid?
855 1010 945 1055 quod
968 1012 1047 1055 ipsa
1071 1012 1166 1046 vocis
1191 1011 1363 1057 „religio“
1394 1012 1524 1047 notatio
1548 1012 1584 1046 in
1607 1011 1672 1047 hoc
1696 1011 1778 1046 libro
1802 1011 1894 1047 lecta
1910 1011 2046 1046 videtur
2070 1010 2201 1065 fuisse,

163 1078 337 1129 siquidem
352 1077 459 1114 verba
476 1077 519 1113 ab
537 1078 728 1122 Augustino
744 1078 798 1125 Ν,
814 1079 873 1115 32.
890 1079 1024 1125 prolata
1041 1079 1103 1125 (fr.
1128 1080 1201 1125 7.):
1219 1098 1266 1105 —
1284 1081 1361 1126 „sic
1386 1082 1421 1115 et
1443 1081 1615 1125 principes
1633 1100 1679 1105 —
1696 1089 1737 1115 ea
1758 1089 1844 1125 quae
1869 1088 1959 1116 vana
1983 1089 2066 1115 esse
2091 1087 2196 1115 nove-

164 1150 262 1188 rant.
289 1145 536 1191 religionis
580 1148 717 1183 nomine
757 1147 895 1193 populis
933 1150 1096 1194 tanquam
1135 1157 1219 1184 vera
1251 1148 1463 1193 suadebant,
1495 1148 1561 1184 hoc
1585 1148 1683 1184 modo
1708 1157 1767 1184 eos
1800 1148 1890 1185 civili
1919 1149 2081 1184 societati
2106 1147 2200 1183 velut

161 1217 292 1252 arctius
317 1215 574 1259 alligantes
600 1216 664 1260 (cf.
690 1216 732 1251 110
757 1215 847 1252 Vera
871 1217 970 1260 relig.
996 1226 1027 1252 c.
1052 1218 1111 1252 55.
1137 1217 1175 1251 T.
1201 1216 1225 1252 1.
1250 1226 1283 1261 p.
1309 1219 1392 1252 718.
1409 1217 1563 1253 Lactant.
1587 1217 1639 1262 Ν,
1665 1218 1721 1252 28.
1749 1217 1886 1252 Servius
1910 1217 1993 1252 Aen.
2019 1216 2086 1261 xli,
2115 1217 2199 1251 181.

160 1284 238 1330 vill,
264 1284 379 1329 349.)
400 1285 449 1319 ita
466 1287 665 1329 comparata
689 1287 790 1328 sunt,
815 1287 853 1320 ut
876 1286 907 1320 is
941 1294 1017 1320 cum
1043 1286 1215 1321 sententia
1241 1285 1404 1321 Varronis
1423 1285 1525 1321 simul
1554 1285 1727 1328 religionis
1746 1282 1885 1331 ἔτυμον
1909 1285 2124 1330 pervertisse
2140 1292 2199 1319 ve-

143 1351 294 1405 (dentur.
344 1340 674 1395 Quamquamenim,
695 1361 764 1388 non
788 1355 999 1397 compertum
1023 1356 1103 1395 est,
1128 1354 1216 1389 unde
1241 1354 1443 1397 religionem
1467 1353 1572 1389 Varro
1606 1353 1728 1388 dictam
1758 1362 1838 1387 esse
1872 1354 2052 1397 statuerit,
2081 1354 2199 1386 tamen

155 1418 222 1456 'vix
245 1418 394 1455 1111011011
418 1422 546 1465 potest,
573 1421 654 1465 quin
680 1429 758 1456 cum
781 1420 886 1457 Balbo
913 1429 968 1465 ap.
994 1420 1063 1456 Cic.
1087 1421 1126 1457 N.
1151 1421 1190 1462 D.
1216 1422 1250 1467 11,
1276 1423 1333 1457 28.
1360 1422 1424 1464 (cf.
1451 1421 1574 1457 Arnob.
1599 1421 1650 1466 Ν,
1675 1423 1730 1457 30.
1752 1420 1878 1456 Gellius
1903 1420 1955 1465 Ν,
1980 1420 2034 1465 9.)
2060 1419 2199 1463 religio—

161 1495 224 1524 sos
251 1496 313 1523 eos
339 1487 463 1523 dixerit
487 1489 572 1534 „qui
596 1490 711 1524 omnia
736 1497 824 1533 quae
849 1489 893 1525 ad
918 1489 1043 1525 cultum
1069 1489 1210 1526 deorum
1234 1479 1455 1535 pertinerent,
1482 1490 1660 1534 diligenter
1683 1488 1899 1533 relegerent“
1925 1488 2009 1533 (vid.
2036 1487 2199 1523 Dirksen.
2230 1495 2235 1501 ·

162 1554 338 1592 Versuche
363 1564 393 1591 z.
419 1556 458 1592 A.
484 1566 516 1592 u.
532 1556 582 1593 Κ.
607 1556 776 1593 Abhandi.
801 1557 858 1604 1.),
875 1559 1089 1603 ,praesertim
1114 1567 1217 1603 quum
1234 1558 1447 1603 Augustinus
1466 1558 1611 1594 Retract.
1638 1558 1663 1603 1,
1692 1559 1743 1593 13.
1769 1557 1946 1602 „Latini
1971 1557 2198 1592 sermonis

163 1624 400 1662 auctores“
433 1626 482 1660 ita
515 1625 619 1670 hujus
645 1627 792 1662 nominis
826 1627 994 1670 originem
1019 1628 1225 1672 exposuisse
1266 1627 1399 1672 tradat,
1437 1630 1474 1662 ut
1498 1627 1694 1671 religionem
1719 1635 1738 1660 a
1761 1609 1939 1670 religendo
1965 1625 2093 1661 dictam
2117 1634 2200 1661 esse

164 1693 338 1740 docerent,
362 1703 432 1730 non
456 1703 478 1729 a
502 1694 691 1740 religando,
717 1694 831 1741 „qnod
857 1694 926 1731 sibi
949 1695 1026 1740 plus
1051 1695 1265 1742 placuerit“;
1291 1704 1494 1741 quamquam
1520 1697 1593 1740 ipse
1620 1695 1653 1730 C.
1680 1694 1715 1730 D.
1740 1694 1781 1739 X,
1807 1695 1841 1729 4.
1872 1695 2009 1729 tertiam
2035 1694 2112 1738 ejus
2137 1702 2199 1729 no-

164 1763 267 1799 minis
291 1764 503 1800 notationem
529 1763 571 1799 ab
605 1764 840 1809 redintegrato
874 1772 990 1800 amore
1024 1763 1204 1800 deductam
1227 1764 1360 1810 profert
1385 1765 1519 1800 dicens:
1554 1764 1677 1810 „deum
1701 1772 1782 1806 ergo
1807 1762 2087 1807 religentes,
2114 1763 2199 1798 ami-

165 1839 321 1868 seramus
355 1832 445 1867 enim
481 1831 718 1878 negligentes,
751 1832 841 1868 unde
876 1835 912 1868 et
941 1832 1063 1877 religio
1096 1833 1189 1868 dicta
1220 1833 1440 1879 perhibetur,
1474 1833 1515 1868 ad
1545 1842 1620 1867 eum
1653 1831 1899 1867 dilectione
1932 1830 2201 1866 tendimus.“

163 1899 239 1935 10111
262 1900 296 1935 31
319 1900 489 1944 probabili
514 1902 711 1946 conjectura
735 1901 1029 1946 pronuntiavimus
1052 1900 1240 1937 Varronem
1264 1902 1300 1937 in
1324 1901 1389 1938 1100
1407 1902 1619 1946 potissimum
1642 1900 1725 1935 libro
1743 1896 1954 1944 explicasse,
1970 1898 2093 1942 religio
2119 1898 2201 1943 quid

165 1970 263 2004 esset
286 1970 321 2004 et
345 1969 434 2004 unde
460 1969 552 2005 dicta
575 1972 684 2016 esset,
710 1978 810 2006 nemo
834 1970 938 2006 facile
962 1969 1189 2015 repugnabit,
1215 1971 1247 2005 si
1272 1972 1375 2006 etiam
1402 1970 1543 2005 alterum
1573 1969 1651 2004 illud
1675 1967 1926 2003 nobilissimum
1955 1967 2201 2012 fragmentum,

166 2044 233 2081 quo
247 2037 332 2081 quid
348 2037 555 2086 discriminis
573 2040 620 2073 sit
644 2040 734 2074 inter
757 2038 957 2082 religiosum
982 2042 1018 2074 et
1042 2040 1322 2083 superstitiosum
1347 2039 1497 2080 docetur,
1522 2047 1565 2072 ex
1580 2037 1664 2072 libro
1684 2036 1724 2071 de
1742 2036 1843 2071 Cultu
1861 2036 2002 2072 deorum
2020 2036 2200 2080 depromp-

165 2105 237 2140 tum
260 2112 342 2141 esse
359 2105 644 2142 contenderimus.
670 2105 783 2142 Verba
807 2108 887 2143 sunt
913 2115 967 2153 ap.
992 2106 1135 2152 August.
1162 2105 1219 2154 Vl,
1245 2108 1278 2143 9.
1303 2105 1409 2142 haec:
1435 2105 1561 2152 „Quale
1587 2107 1697 2140 autem
1721 2103 1803 2140 illud
1828 2106 1895 2150 est,
1927 2103 2017 2149 quod
2042 2112 2121 2140 cum
2145 2112 2198 2139 re-

164 2172 326 2215 ligiosum
350 2182 371 2208 a
396 2176 639 2219 superstitioso
665 2184 708 2210 ea
739 2176 958 2211 distinctione
991 2176 1186 2221 discernat,
1212 2178 1249 2210 ut
1273 2184 1294 2209 a
1320 2176 1576 2218 susperstitioso
1603 2174 1691 2207 dicat
1715 2174 1829 2207 timeri
1859 2173 1965 2217 deos,
1991 2182 2013 2207 a
2036 2173 2199 2215 religioso

166 2244 281 2278 nutem
304 2243 437 2278 tantum
462 2245 574 2278 vereri
598 2246 635 2301 ut
659 2246 835 2289 parentes,
860 2253 929 2279 non
954 2246 992 2278 ut
1015 2243 1136 2279 hostes
1162 2245 1285 2288 timeri,
1311 2246 1411 2286 atque
1438 2252 1555 2277 omnes
1581 2243 1628 2277 ita
1653 2241 1762 2276 bonos
1789 2241 1902 2285 dicat,
1927 2244 1965 2276 ut
1991 2240 2130 2276 facilius
2156 2243 2202 2276 sit

165 2317 228 2346 eos
252 2309 456 2346 nocentibus
483 2291 629 2355 parcere
650 2319 752 2356 quam
775 2310 911 2347 laedere
937 2319 1140 2357 quemquam
1156 2312 1382 2355 innocentem,
1407 2311 1570 2344 tamen—
1585 2308 1666 2343 —‘.‘
1691 2307 1841 2345 Primum
1859 2308 2096 2354 intelligimus,
2112 2308 2199 2344 haec

165 2380 288 2414 iterum
312 2380 361 2413 ita
385 2379 428 2413 ab
454 2380 644 2422 Augustino
668 2380 804 2424 prolata
830 2390 930 2425 esse,
956 2383 994 2415 ut
1017 2381 1215 2424 Varronem,
1233 2381 1385 2423 quamvis
1411 2381 1484 2422 ipse
1508 2379 1641 2412 veriora
1666 2379 1852 2421 sensisset,
1870 2378 1981 2412 civilis
2007 2381 2122 2412 tamen
2145 2387 2197 2412 re-

164 2443 306 2491 ligionis
330 2456 523 2492 repugnare
548 2448 722 2485 erroribus
748 2457 817 2485 non
842 2457 962 2484 ausum
989 2457 1070 2484 esse
1095 2447 1315 2493 probaretur3
1340 2456 1448 2491 neque
1466 2445 1545 2481 illud
1569 2444 1729 2490 negabis,
1755 2446 1974 2490 aptissimum
1990 2445 2048 2481 his
2072 2445 2201 2491 verbis,

164 2514 235 2553 rei
256 2514 458 2559 dignitatem
484 2516 770 2562 describentibus,
794 2517 907 2553 locum
932 2516 1044 2552 fuisse
1069 2519 1148 2562 post
1171 2516 1379 2561 propositam
1410 2514 1606 2549 nominis
1631 2513 1908 2558 explicationem.
1957 2514 2033 2549 Jam
2056 2513 2115 2548 ubi
2140 2523 2199 2548 ex-

165 2572 340 2629 penderis,
366 2593 468 2630 quam
484 2584 572 2621 bene
590 2585 678 2621 haec
703 2586 909 2622 conveniant
934 2595 1010 2622 cum
1035 2586 1091 2631 113,
1118 2593 1204 2630 quae
1229 2583 1271 2619 fr.
1299 2585 1331 2619 6.
1357 2582 1603 2627 exscripsimus
1630 2590 1673 2617 ex
1690 2581 1835 2626 August.
1861 2581 1915 2629 Ν,
1940 2583 2000 2618 31.
2024 2581 2067 2618 110
2094 2582 2203 2618 simu-

164 2650 268 2685 lacris
292 2639 382 2686 male
406 2655 543 2698 positis,
561 2655 595 2688 in
612 2653 668 2688 his
687 2654 873 2696 Augustini
897 2653 1129 2690 notationibus
1155 2653 1239 2687 duas
1266 2653 1396 2686 unius
1422 2652 1614 2685 sententiae
1640 2650 1876 2686 varronianae
1905 2650 2093 2694 particulas
2119 2659 2202 2694 cog-

147 2727 303 2756 ·nosces.
354 2719 469 2756 Testis
489 2722 572 2765 ipsa
606 2723 763 2759 elocutio.
813 2723 898 2759 Nam
923 2723 1012 2767 quod
1036 2723 1084 2760 ibi
1108 2722 1168 2766 (fr.
1203 2721 1256 2764 6.)
1282 2720 1407 2756 dictum
1432 2723 1504 2755 est:
1531 2719 1620 2764 quod
1638 2720 1670 2754 si
1695 2719 1808 2755 adhuc
1831 2721 2043 2766 mansisset,
2068 2722 2203 2756 castius

166 2778 622 2837 dil'obstrvarentur,
646 2790 683 2827 id
705 2792 763 2828 vix
786 2790 892 2828 latine
918 2790 1043 2827 dictum
1068 2778 1142 2835 cst3
1167 2790 1303 2834 proprie
1330 2789 1420 2824 enim
1446 2787 1747 2824 observantur
1770 2787 1951 2835 homines,
1985 2788 2035 2824 dii
2058 2787 2207 2825 colun-

465 2849 467 2851 ’
1853 2846 1876 2881 2
