2362 2979
1051 32 1344 115 3152-

182 200 258 258 xa,
271 206 314 257 ,1.
327 202 635 265 prtum-Lanu.)
657 203 989 256 mque
1011 206 1328 251 *muntenni-inm,
1358 210 1562 250 persuasum
1593 200 1781 241 habebant.
1830 199 1927 241 Satis
1951 203 2021 249 est,
2043 209 2150 248 quun
2173 199 2216 238 de

181 273 572 324 mmmmm<
586 274 687 318 Mhi
714 273 949 320 ammonae,
979 274 1189 312 ammanus
1212 281 1271 318 ap.
1305 272 1371 308 cic.
1396 273 1433 308 N.
1457 273 1495 308 1).
1520 273 1561 320 Η,
1585 274 1621 309 3.
1646 281 1766 309 eorum
1789 272 1942 318 imperiis
1967 269 2217 318 rempublicam

182 344 426 392 mum
454 354 553 393 esse,
580 342 901 391 qui'religionibim
920 344 1132 388 paruissent,
1165 342 1331 386 reiigione
1362 344 1464 388 enim,
1496 343 1531 378 id
1559 345 1615 378 est
1646 342 1752 388 cultu,
1784 351 1842 377 res
1876 342 2049 376 Romanas
2081 341 2214 377 exteris

181 413 293 458 mo-
310 414 509 461 superiores
532 416 629 458 eme,
653 412 709 450 cui
728 411 832 448 Getta
854 411 1045 447 assentitur
1067 409 1125 456 ΙΙΙ,
1152 409 1189 456 2,
1214 407 1342 445 addens
1368 409 1552 446 Romanam
1583 412 1755 447 civitatem
1779 417 1955 455 nunquam
1980 409 2055 445 sine
2080 417 2229 472 summa·

97 504 111 520 .
180 482 324 522 mum
345 482 585 522 immortalium
598 479 804 525 placatione
828 481 961 515 uniam
983 486 1073 525 esse
1081 479 1248 523 potuisse.
1298 478 1402 520 Quam
1435 480 1640 515 sententiam
1664 479 1907 515 declamatorie
1932 480 2134 513 exornatam
2159 486 2213 513 re-

178 550 268 596 put
281 552 402 587 auctor
432 548 599 586 untionis
625 547 674 584 de
695 545 843 591 Hamp.
858 555 950 591 resp.
976 555 1006 582 e.
1031 548 1066 581 9.
1090 546 1261 581 excitatus
1287 546 1342 581 ille
1368 556 1443 582 cum
1468 547 1546 582 aliis
1572 547 1615 582 ab
1641 538 1889 592 naver-campio
1920 546 1957 582 ln
1985 544 2124 581 Tertuii.
2150 546 2211 590 Ap.

180 618 296 656 cai&
317 616 569 662 Religiositatis
584 617 710 653 autem
732 615 968 652 testimonium
988 615 1098 650 etiam
1122 613 1188 650 hoc
1214 623 1235 649 a
1260 615 1459 659 quibusdam
1485 625 1565 652 esse
1589 615 1800 660 perhibetur,
1826 615 1916 659 quod
1932 615 2079 651 Romani
2103 614 2213 659 „deos

178 686 342 732 genitu,
358 693 446 731 quas
471 683 716 727 subjugabat,
740 682 902 718 colendos
926 682 1113 726 propitiare
1130 671 1174 716 'et
1198 690 1313 717 eorum
1337 692 1437 718 sacra
1461 684 1639 728 suscipere
1664 682 1821 718 solebant
1831 683 1865 726 ;“
1892 692 1980 727 quae
2006 685 2090 718 sunt
2105 681 2214 717 verba

178 754 361 802 massini
381 752 427 789 «ie
453 751 554 788 Gens.
579 748 638 787 Ev.
662 750 689 797 i,
717 750 773 786 12.
798 758 832 796 p.
856 751 941 787 378.
966 751 1081 796 posita
1106 749 1169 796 (cf.
1194 757 1228 796 p.
1254 751 1333 787 380.
1358 752 1441 788 382.
1491 751 1525 788 C.
1551 749 1589 788 i).
1614 750 1663 797 iii,
1695 751 1769 787 12:
1810 751 1940 797 „Nimis
1966 750 2092 788 multos
2125 749 2213 787 deos

180 822 305 868 gradi
334 821 429 857 fumo
460 828 527 855 suo
560 821 723 863 tanquam
755 820 858 862 signo
882 819 963 854 dato
996 819 1040 853 ad
1070 820 1248 854 tuitionem
1271 823 1541 863 congregaverat
1564 819 1716 865 Roma;“
1767 820 1901 854 Cincius
1927 828 1981 864 ap.
2008 818 2135 854 Arnob.
2163 818 2211 863 lll,

179 892 240 928 88.
258 889 329 927 eol.
353 887 408 934 vi,
433 887 487 924 Z:
512 887 646 933 „Roma
669 887 846 922 numinum
870 889 1069 923 cunctorum
1091 887 1251 932 cultrix,“
1276 890 1310 923 et
1333 891 1371 923 ut
1395 889 1479 924 alios
1506 890 1658 924 omittam
1683 888 1726 923 ab
1751 889 1994 933 interpretibus
2020 888 2064 923 ad
2087 887 2210 922 Minue.

178 957 254 996 rei.
272 966 306 1004 p.
330 957 426 993 (1.7.
450 955 623 1002 laudatos,
655 954 828 1001 Josepbus
861 957 984 991 contra
1016 954 1079 1001 Ap.
1114 954 1152 991 Τ.
1177 954 1211 991 ll.
1237 964 1268 1001 p.
1295 957 1375 992 809.
1402 956 1453 992 ed.
1478 956 1535 993 iat.
1561 957 1640 993 Bas.
1669 957 1772 993 1540.
1798 957 2116 1002 magnanimitatem
2140 954 2209 992 iio-

177 1035 359 1069 maaorum
387 1025 550 1071 hndnns,
583 1026 742 1069 quonian
776 1023 954 1068 subjectos
987 1024 1132 1069 populos
1165 1030 1234 1059 non
1275 1027 1471 1069 coegissent
1505 1027 1618 1071 patria
1650 1027 1731 1070 jura
1766 1025 2038 1070 transcendere).
2102 1024 2210 1066 Quam

180 1094 419 1141 religiositatis
451 1092 589 1128 laudem
620 1095 739 1138 patres
772 1091 1002 1128 ecclesiastici
1033 1093 1165 1128 tantum
1196 1091 1308 1128 abfuit
1347 1095 1385 1128 ut
1415 1092 1575 1130 Romanis
1608 1094 1840 1140 concederent,
1874 1103 1943 1130 non
1975 1094 2107 1129 illorum
2141 1093 2210 1145 diis

174 1162 388 1209 juvantibus,
416 1161 481 1199 sed
504 1162 570 1197 alio
594 1163 668 1197 veri
692 1161 748 1197 dei
772 1161 916 1196 consilio
938 1169 1101 1205 magnam
1125 1161 1254 1196 factam
1279 1169 1358 1196 esse
1384 1162 1523 1197 Romam
1548 1163 1790 1198 contendentes
1815 1163 1905 1206 (vid.
1933 1163 2078 1206 August.
2104 1162 2139 1197 C.
2166 1162 2205 1196 D.

178 1231 236 1278 IV,
267 1232 327 1268 28.
359 1229 400 1276 V,
446 1232 490 1276 l.,
526 1229 683 1265 Ambros.
709 1231 745 1265 in
769 1231 870 1274 epist.
896 1236 1002 1273 supra
1034 1229 1172 1264 laudata
1196 1237 1229 1274 p.
1256 1231 1351 1275 474„
1377 1229 1513 1265 Tertull.
1540 1231 1583 1266 ad
1607 1231 1745 1277 Natt.·l,
1775 1233 1824 1266 10.
1851 1231 1909 1266 alii
1934 1231 2061 1276 multi),
2086 1233 2125 1265 ut
2149 1231 2207 1265 vix

179 1299 307 1337 civili
338 1300 455 1336 virtuti
487 1298 702 1335 tribuendam
735 1296 824 1334 esse'
850 1298 1043 1343 censerent,
1078 1298 1167 1342 quod
1191 1299 1312 1343 pietati
1336 1298 1554 1342 denegarunt.
1603 1299 1640 1334 ln
1666 1309 1732 1344 qua
1755 1309 1790 1335 re
1815 1303 1870 1335 est
1894 1299 1985 1345 quod
2009 1299 2207 1345 Augustini,

173 1369 289 1407 multis
304 1368 403 1414 iocis,
419 1368 512 1405 velut
526 1368 562 1404 C.
589 1367 628 1404 D.
653 1367 694 1413 V,
723 1368 777 1403 12.
798 1376 865 1413 sq.,
889 1366 1118 1402 Romanorum
1142 1368 1316 1410 ingenium
1341 1369 1548 1412 virtutesque
1575 1370 1808 1413 examinantiS,
1833 1368 1940 1403 verba
1973 1369 2063 1403 lectu
2098 1369 2204 1411 digna

178 1446 224 1474 ex
246 1437 354 1483 Epist.
380 1435 419 1472 V.
446 1435 484 1472 T.
507 1435 553 1476 11.
579 1444 613 1480 p.
650 1435 709 1470 25.
733 1434 883 1471 referam
906 1434 1013 1470 haec:
1034 1453 1081 1459 —
1098 1434 1366 1480 „rempublicam
1399 1436 1497 1480 primi
1528 1435 1669 1472 Romani
1698 1437 1944 1472 constituerunt
1968 1440 2207 1482 auxeruntque

123 1489 125 1491 Ι
159 1505 369 1551 ,ῆι-ωῇίιιιε,
395 1506 461 1540 etsi
485 1514 555 1540 non
579 1504 751 1540 habentes
774 1513 890 1539 veram
921 1505 1085 1547 pietatem
1118 1512 1203 1546 erga
1236 1504 1336 1538 deum
1360 1514 1487 1548 verum,
1512 1514 1599 1548 quae
1624 1506 1698 1539 iilos
1735 1507 1833 1538 etiam
1857 1506 1893 1539 in
1919 1508 2095 1540 aeternam
2120 1507 2204 1540 civi-

174 1576 283 1611 tatem
306 1575 429 1619 posset
452 1572 583 1609 salubri
606 1572 771 1616 religione
795 1571 994 1617 perducere,
1019 1572 1340 1608 custodientes
1376 1576 1525 1608 tamen
1557 1574 1763 1618 quandam
1795 1575 1862 1608 sui
1897 1576 2077 1617 generis
2103 1583 2205 1618 pro-

172 1642 380 1687 bitatem,
406 1650 517 1686 qnae
542 1644 700 1686 posset
724 1645 939 1676 terrenae
971 1641 1156 1675 civitati
1181 1632 1554 1688 constituendae,
1586 1642 1835 1688 augendae,
1860 1642 2204 1679 conservandae

175 1711 411 1748 sufficere.
460 1710 552 1746 Deus
586 1712 677 1746 enim
709 1712 762 1746 sic
796 1695 947 1758 ostendit
978 1711 1014 1745 in
1048 1710 1308 1753 opulentissimo
1345 1713 1380 1745 et
1410 1711 1584 1754 praeclaro
1609 1712 1750 1755 imperio
1772 1711 2011 1756 Romanorum,
2038 1714 2204 1755 qnantum

179 1778 347 1817 valer-ent,
367 1778 531 1815 civiles
563 1779 668 1815 etiam
691 1779 767 1814 sine
800 1785 882 1815 vera
900 1778 1066 1824 religione
1097 1777 1287 1825 virmtes“;
1314 1798 1359 1804 —-
1386 1778 1430 1824 (0
1463 1779 1596 1825 priscae
1629 1779 1759 1815 virtutis
1791 1779 1961 1816 laudanda
1986 1782 2203 1817 constantia!

175 1850 311 1885 Fir-mic.
343 1848 422 1883 liat.
455 1848 497 1883 de
531 1848 603 1882 Err.
635 1847 724 1891 prof.
758 1848 820 1882 rel.
853 1857 887 1892 p.
916 1848 1003 1893 ll.),
1037 1854 1243 1891 quamquam
1273 1847 1405 1881 civilem
1429 1847 1518 1882 hanc
1542 1849 1696 1882 virtutem
1722 1849 1837 1892 quanti
1859 1848 1985 1884 fecerit
2010 1849 2201 1884 acerrimus

174 1916 302 1965 ubique
322 1917 540 1962 antiquarum
563 1915 766 1961 religionum
791 1919 1018 1961 expugnator,
1043 1918 1079 1951 et
1102 1915 1280 1953 damnator
1314 1919 1423 1961 atrox,
1456 1916 1650 1960 intelligitur
1672 1926 1717 1951 ex
1740 1918 1795 1961 iis,
1829 1925 1917 1961 qnae
1950 1921 2073 1953 contra
2097 1917 2204 1953 Julia-

173 1993 257 2023 Μ
279 1984 398 2029 Pelag.
423 1984 497 2021 Lib.
521 1984 576 2020 lv,
603 1983 641 2019 T.
667 1983 728 2019 Vll.
753 1993 786 2029 p.
815 1986 919 2020 1034.
946 1984 1118 2029 disputat3
1151 1983 1231 2020 audi
1256 1984 1346 2019 enim
1370 1984 1476 2020 haec:
1502 1984 1576 2030 „An
1599 1984 1687 2020 forte
1712 1986 1746 2019 et
1769 1984 1861 2030 istis,
1885 1986 1946 2029 qui
1970 1985 2203 2021 exhibuerunt

173 2056 332 2094 terrenae
349 2054 482 2098 patriae
507 2052 823 2095 Babylonicum
849 2053 1064 2089 dilectionem
1088 2053 1123 2086 et
1146 2052 1263 2086 virtuti
1287 2052 1439 2096 civili,
1464 2061 1548 2087 non
1573 2060 1675 2086 vera
1693 2052 1752 2086 sed
1768 2053 1958 2098 verisimili,
1977 2053 2202 2088 daemonibus

107 2164 113 2169 ,
172 2118 228 2161 vel
245 2120 429 2161 *humanae
464 2120 594 2166 gloriae
626 2123 830 2168 servierimt,
863 2119 1030 2157 Fabriciis
1055 2119 1217 2156 videlicet
1249 2122 1284 2156 et
1316 2120 1454 2164 Regalis
1491 2122 1523 2155 et
1551 2119 1663 2155 Fabiis
1688 2124 1721 2155 et
1745 2120 1964 2166 Scipionibus
1991 2126 2027 2158 et
2051 2121 2201 2157 Camillis

170 2191 365 2234 ceterisque
389 2190 528 2235 talibus,
546 2209 592 2214 —
609 2191 780 2234 provisuri
804 2191 891 2225 estis
917 2189 1065 2234 aliquem
1088 2188 1201 2224 locum
1224 2189 1316 2224 inter
1331 2188 1581 2224 damnationem
1605 2197 1810 2233 regnumque
1837 2190 2020 2237 coelorum,
2046 2188 2105 2225 ubi
2130 2198 2202 2227 non

172 2260 295 2297 sintin
318 2259 460 2295 miseria
485 2258 549 2294 sed
572 2260 607 2294 in
631 2258 850 2295 beatidudine
868 2257 1125 2304 sempiterna‘c‘
1152 2277 1198 2283 —-
1223 2257 1296 2293 Non
1322 2260 1440 2303 opinor
1471 2258 1691 2302 perditionem
1716 2261 1867 2294 vestram
1891 2269 1999 2304 usque
2026 2258 2070 2292 ad
2094 2260 2199 2295 istam

94 2313 98 2316 ⁵
171 2336 277 2374 posse
301 2327 773 2373 impudentiam-prosilire“!
800 2347 847 2353 —-
873 2328 923 2364 Cf.
949 2337 981 2374 p.
1011 2328 1115 2364 1029.
1142 2327 1176 2363 C.
1202 2326 1240 2362 D.
1266 2326 1305 2374 V,
1334 2328 1387 2363 15.
1406 2346 1452 2352 —-
1469 2326 1563 2363 Hanc
1587 2329 1690 2371 igitur
1714 2329 1919 2364 sententiam
1945 2331 2201 2376 gravissimam,

172 2405 241 2441 qua
262 2397 384 2433 inbuti
409 2397 658 2440 sapientissimi
691 2398 817 2441 quique
849 2397 994 2432 Romani
1026 2380 1221 2442 edixerunt,
1255 2397 1472 2430 sanctissimo
1506 2396 1766 2439 castissimoque
1803 2396 1895 2432 cultu
1920 2400 2079 2442 oportere
2106 2401 2200 2437 cives

173 2463 346 2504 Romanos
370 2466 533 2511 prosequi
557 2467 688 2510 patrios
714 2475 797 2502 suos
823 2465 920 2512 deos,
943 2468 982 2502 ut
1006 2468 1064 2511 qui
1088 2453 1330 2510 magnitudinis
1362 2466 1493 2508 imperii
1517 2464 1670 2500 benevoli
1695 2469 1814 2500 essent
1838 2470 2013 2511 auctores,
2038 2471 2073 2503 in
2099 2479 2201 2512 quam

118 2515 124 2521 ’
175 2534 213 2568 ut
228 2533 264 2568 in
287 2534 488 2578 primarium
513 2533 682 2579 quoddam
706 2533 880 2570 Romanae
907 2534 1083 2570 doetrinae
1107 2535 1325 2580 praeceptum
1350 2531 1472 2568 acerbe
1497 2531 1699 2568 invehuntur
1724 2532 1772 2568 illi
1793 2534 1996 2583 scriptores,
2023 2539 2058 2572 et
2080 2545 2143 2582 per
2158 2546 2200 2575 se

171 2600 348 2648 probabile
374 2605 430 2637 est
453 2613 522 2639 non
546 2605 827 2648 praetermissam
850 2604 962 2639 fuisse
987 2605 1022 2638 in
1047 2604 1207 2638 Varronis
1232 2603 1297 2637 hoc
1320 2602 1405 2636 libro
1431 2604 1466 2635 et
1490 2610 1532 2635 ex
1557 2602 1739 2644 Augustini
1763 2605 1999 2639 notationibus
2019 2605 2201 2649 colligitur.

172 2667 208 2706 Is
232 2668 324 2707 enlm
349 2677 451 2714 quum
476 2670 569 2708 dicat
594 2671 629 2708 C.
664 2670 702 2708 D.
736 2672 782 2719 lll,
809 2673 842 2708 9.
870 2671 931 2718 (fr.
968 2672 1042 2718 14.)
1077 2669 1483 2715 Varronemprodidisse
1516 2671 1552 2705 in
1583 2669 1669 2706 libro
1706 2671 1747 2707 de
1774 2671 1872 2709 Cultu
1897 2674 2048 2720 deorum,
2075 2675 2202 2720 quibus

172 2737 304 2777 artibus
328 2737 437 2772 Numa
461 2739 551 2774 tales
584 2740 669 2776 deos
702 2741 771 2776 sibi
802 2740 856 2776 vel
889 2742 1072 2777 civitati
1105 2740 1374 2776 consociare
1407 2740 1565 2784 potuerit,
1599 2741 1634 2773 et
1658 2739 1704 2785 111,
1732 2741 1808 2776 ll.:
1839 2740 1949 2787 „Hinc
1973 2742 2140 2780 fortassis
2166 2747 2205 2782 et

169 2806 278 2846 Numa
300 2793 487 2852 Pompilius
504 2825 551 2834 —-
569 2816 646 2846 cum
673 2810 843 2854 cogitaret
866 2811 1002 2847 otiosus
1024 2808 1163 2854 (referri
1188 2811 1300 2845 autem
1325 2808 1449 2844 debent
1472 2808 1560 2845 haec
1586 2809 1630 2845 ad
1654 2818 1709 2855 ea,
1735 2819 1822 2854 quae
1839 2811 1885 2857 ill,
1912 2814 1945 2848 9.
1973 2813 2066 2851 dicta
2091 2816 2206 2860 sunt),
