2362 2979
144 181 269 235 tgr,
267 179 389 221 etat
407 174 1725 232 wammdemmibmwm2.„
1837 188 1863 199 ‘⁴
1975 188 1979 192 ’

142 243 1304 302 Μῐθιδιι-Μὼιιιηψωοὶεωιῆᾱϋῶωιω
1321 243 1767 297 nummo
1768 209 2194 307 1043Μαο1ιιεῡ
2236 243 2238 245 ’
2283 248 2288 252 ’

144 316 280 355 vatter
301 312 430 360 ‘ter-‘⁴
462 312 516 354 nt
520 315 649 360 atita
668 314 850 367 dicmur,
874 314 1042 360 siquidem
1066 312 1419 361 observationes
1444 312 1489 352 ab
1513 313 1659 365 Amo
1681 312 1749 361 (de
1764 312 1840 352 Duo
1849 294 1966 361 Sem
1990 316 2094 368 ιι),
2099 313 2193 370 ξιιμ

142 383 310 430 Pir-1⁶0,
335 381 513 424 ..mollio
521 384 574 423 its
594 387 782 430 vomatur
797 386 836 421 ut
858 385 929 422 sint
951 385 1029 429 ipsa
1052 390 1167 428 uem,
1191 382 1305 420 cultris
1326 381 1414 428 (vid.
1439 382 1537 422 snit.
1545 381 1723 425 Annibal·
1747 383 1840 430 ⁴⁴-)‚
1864 384 1994 428 ἴδηαι
2003 387 2052 427 ιιι
2069 384 2193 432 Cim

141 450 185 489 de
216 450 406 498 Republica
436 449 496 488 lib.
529 449 556 490 1.
582 460 613 489 c.
642 452 702 490 12.
731 452 823 494 dixit
845 451 996 490 colere
1021 449 1218 496 Scipionem
1239 451 1296 490 ,ιιι
1319 449 1446 502 deum
1469 468 1517 477 -
1543 450 1794 491 observare
1817 451 1854 489 in
1877 453 2086 498 parentis
2105 451 2190 497 leco

143 520 312 566 heu-m,
335 522 389 557 ita
409 517 520 559 vnn-o
545 520 616 558 hoe
650 520 729 568 loco
762 524 843 566 apte
876 521 988 556 dicere
1019 520 1130 563 potuit
1163 504 1321 563 ,finanus
1346 519 1396 555 dii
1428 519 1824 567 observarentur-⁴⁴,
1848 521 1883 557 si
1912 520 2068 565 proxime
2095 523 2195 561 aule·-

139 587 315 628 oedebant
348 595 403 635 ea,
436 594 527 634 quae
551 585 610 634 ap.
635 587 725 635 Aug.
751 588 804 636 Vl,
829 590 863 626 9.
878 586 1067 625 habentur:
1093 594 1141 633 „a
1162 585 1307 632 religiso
1324 585 1408 624 deos
1433 587 1548 626 vereri
1571 588 1618 624 ιιι
1640 586 1898 634 parentes.“
1938 586 2080 630 Accedit
2096 586 2189 637 qnod

140 656 263 697 ultima
280 655 388 694 verba
401 663 494 705 „eos
510 657 590 693 suls
606 659 769 693 metum
784 657 987 701 dempsisse,
1004 657 1040 691 et
1056 663 1255 697 errorem
1272 655 1487 697 addidisse“,
1503 657 1536 693 si
1551 658 1646 691 recte
1663 656 1803 701 „iocum
1819 655 2189 702 conclusere-W,

145 726 184 761 in
210 724 498 763 antecedentibus
518 724 638 762 -leetas
662 720 778 762 fuisse
801 725 925 763 docent
946 724 1115 768 notiones,
1142 722 1186 758 ad
1202 731 1290 768 quas
1307 724 1530 762 referrentur.
1554 723 1628 761 Eae
1645 726 1762 760 autem
1785 733 1855 761 non
1878 724 1947 762 hoc
1968 724 2046 762 ioco
2070 723 2192 769 legun-

142 796 198 830 tur
221 792 286 829 sed
309 791 362 840 Vl,
388 774 628 830 s.:'metnm
653 794 746 831 enim
769 793 852 830 dicit
882 791 1168 838 religionem,
1201 799 1266 837 per
1298 800 1497 828 errorem
1521 790 1593 829 vult
1624 792 2011 838 superstitionem
2034 791 2191 838 intelllgi.

138 862 304 907 (servius
335 861 422 899 Aen.
455 861 507 907 vl,
541 861 646 899 596.:
680 871 787 908 „nam
821 862 975 905 religiosi
1000 862 1100 905 sunt,
1133 861 1192 904 qui
1214 869 1279 905 per
1310 862 1539 898 reverentiam
1573 861 1732 898 timent.“
1781 861 1900 897 Cicero
1924 861 1964 897 Ν.
1987 861 2028 897 D.
2053 861 2090 907 ll,
2113 861 2193 898 28.:

140 914 255 976 „quase
278 937 340 966 res
357 931 481 974 ‘enuit
502 929 617 966 fabas
643 931 826 975 opiniones
849 937 1050 972 erroresque
1076 927 1292 970 turbulentos
1318 931 1354 965 et
1378 929 1646 973 superstitiones
1670 936 1783 974 paene
1807 928 1964 975 aniles“;
1989 928 2065 965 coll.
2092 929 2190 967 Serv.

138 998 224 1037 Aen.
249 998 328 1045 Vlll,
347 999 450 1037 182:
476 997 546 1044 „ab
566 998 715 1045 aniculis
740 998 831 1035 dicta
855 998 1066 1042 superstitio,
1092 997 1171 1041 quia
1196 996 1354 1033 multam
1379 998 1588 1042 superstites
1611 1006 1675 1043 per
1699 999 1851 1034 aetatem
1874 997 2021 1034 delirant
2045 1000 2081 1033 et
2104 996 2192 1034 stul·-

139 1070 198 1105 tae
222 1066 352 1113 sunt“;
376 1068 428 1103 iia
452 1067 546 1103 enim
569 1066 814 1111 corrigendum
839 1069 894 1103 est
918 1075 979 1111 pro
1003 1065 1163 1101 multae:
1190 1065 1357 1109 Mythogr.
1382 1065 1429 1112 lil,
1455 1067 1490 1112 5,
1516 1066 1570 1102 2.;
1595 1065 1989 1112 „aniculamm-—teste
2007 1065 2190 1102 Servio-—

99 1142 101 1144 ’
137 1144 201 1180 per
224 1136 407 1172 nimiam
432 1137 587 1171 aetatem
612 1135 849 1180 delirarum“).
889 1135 996 1177 Quid?
1020 1134 1110 1178 quod
1134 1135 1170 1169 in
1195 1143 1238 1168 ea
1262 1136 1423 1179 opinione
1448 1144 1544 1181 sum,
1575 1136 1613 1169 ut
1636 1133 1826 1170 Varronem
1851 1135 2021 1171 dicentem
2045 1133 2191 1179 „addi-

139 1204 264 1242 disse
289 1203 482 1250 errorem“,
508 1212 613 1248 quam
637 1213 760 1241 vocem
785 1204 1007 1249 Augustinus,
1033 1202 1276 1242 callidissimus
1303 1202 1429 1249 ubique
1447 1204 1633 1240 ementitae
1659 1201 1825 1240 Varronis
1858 1203 2019 1241 fallaciae
2049 1203 2196 1241 investi·-

136 1274 251 1320 gator,
275 1273 312 1311 in
337 1281 440 1311 suum
463 1272 566 1310 usum
590 1271 683 1309 male
707 1271 898 1319 detorquet,
923 1273 1033 1317 ipsum
1057 1279 1183 1307 nomen
1207 1271 1467 1317 superstitionis
1492 1271 1714 1317 slgnfficasse
1738 1274 1865 1319 putem.
1908 1271 2087 1309 Nescimus
2113 1272 2192 1318 qui-

135 1342 233 1386 dem,
267 1350 358 1386 quae
390 1342 470 1385 ejus
493 1342 647 1376 nominis
673 1341 855 1385 explicatio
890 1340 972 1384 (vid.
996 1342 1137 1384 praeter
1168 1340 1311 1375 Balbum
1345 1349 1400 1384 ap.
1426 1340 1496 1376 Cic.
1531 1341 1554 1375 l.
1588 1341 1621 1376 d.
1654 1341 1810 1384 Lactant.
1834 1341 1895 1386 lv,
1936 1342 1995 1377 28.
2030 1341 2188 1377 Servium

135 1409 214 1447 loco
253 1418 361 1457 supra
399 1408 542 1446 laudato
586 1410 624 1445 et
663 1408 749 1445 Aen.
790 1408 842 1454 vi,
875 1409 955 1445 596.
995 1407 1138 1444 Nonium
1178 1417 1211 1454 p.
1255 1408 1357 1454 432.)
1399 1408 1545 1446 Varroni
1573 1409 1761 1456 placuerit,
1795 1412 1914 1446 tamen
1949 1411 2089 1455 praeter
2120 1407 2189 1445 No·

96 1491 103 1498 ·
128 1479 231 1533 „nium
255 1486 377 1514 omnes
410 1478 449 1513 in
472 1485 515 1513 eo
540 1478 741 1514 consentire
766 1476 882 1522 video,
916 1479 953 1512 ut
975 1476 1159 1520 religiosos
1184 1478 1378 1521 patrium
1410 1486 1573 1513 morem
1608 1478 1742 1515 colendi
1776 1478 1860 1514 deos
1891 1486 2031 1514 servare
2057 1477 2186 1520 dicant,

135 1549 402 1593 superstitiosos
436 1555 572 1593 nova,
597 1548 768 1594 majorum
801 1556 866 1581 usu
898 1555 966 1582 non
990 1548 1125 1582 sancita
1150 1555 1251 1582 sacra
1278 1555 1459 1583 arcessere
1486 1547 1645 1593 (Servius
1672 1548 1794 1592 Georg.
1812 1547 1839 1594 Ι,
1864 1548 1964 1584 269.:
1993 1547 2187 1594 „Religiosi

134 1618 227 1654 enim
258 1626 342 1653 esse
375 1616 555 1666 dicuntur,
590 1618 650 1660 qui
681 1616 915 1653 faciendarum
940 1635 985 1641 -—
1009 1625 1123 1652 rerum
1149 1616 1340 1653 divinarum
1373 1616 1617 1654 secundum
1648 1626 1810 1654 morem
1840 1618 1990 1653 civitatis
2016 1617 2187 1653 delectum

132 1684 275 1732 habent,
300 1694 382 1721 nec
408 1693 448 1720 se
474 1683 897 1729 superstitionibus
922 1683 1132 1729 implicant.“
1181 1684 1339 1720 Lactant.
1364 1684 1387 1720 1.
1413 1684 1446 1721 d.
1470 1693 1576 1731 „nam
1607 1685 1665 1730 qui
1689 1693 1827 1721 novos
1861 1684 1930 1722 sibi
1957 1686 2045 1722 ritus
2080 1684 2186 1721 adsu-

135 1755 277 1792 mebant
300 1773 345 1781 ·-
375 1755 443 1790 hos
468 1755 738 1798 superstitiosos
763 1753 983 1799 vocabant“).
1035 1755 1077 1790 Ut
1101 1755 1204 1790 facile
1229 1754 1452 1800 intedigatur,
1479 1764 1581 1799 quam
1606 1758 1686 1800 apte
1710 1756 1747 1791 in
1772 1755 1993 1793 conclusione
2017 1756 2093 1799 ejus
2118 1755 2188 1796 loci

133 1807 269 1860 dicatur
293 1830 402 1869 error,
427 1810 624 1861 simulacris
648 1821 793 1868 positis,
826 1820 1006 1858 additus
1032 1830 1113 1859 esse
1139 1821 1193 1868 (in
1219 1830 1287 1868 qua
1311 1830 1397 1874 voce
1421 1823 1459 1859 ut
1482 1822 1690 1868 saepissime
1724 1822 1812 1859 alias
1843 1823 1894 1859 ita
1917 1822 1987 1859 hoc
2009 1822 2087 1860 loco
2110 1830 2182 1861 non

133 1890 285 1934 augendi
307 1890 372 1926 sed
397 1890 502 1926 dandi
524 1891 594 1925 vim
618 1899 700 1925 esse
733 1899 802 1925 non
833 1893 888 1925 est
920 1891 1010 1934 quod
1042 1900 1221 1936 moneam3
1260 1892 1325 1940 vid.
1359 1892 1476 1927 Heius.
1504 1890 1565 1927 Sil.
1591 1891 1631 1926 1t.
1656 1891 1704 1936 ill,
1731 1893 1814 1927 330.
1841 1892 1975 1927 Cortius
2001 1892 2082 1927 Sall.
2108 1892 2184 1927 Cat.

132 1960 195 2004 54,
229 1959 296 2003 2.),
329 1960 362 1994 si
399 1960 435 1994 in
458 1960 517 2004 iis,
543 1967 632 2002 quae
656 1959 812 2003 proxime
836 1961 1114 2003 antecesserunt,
1148 1960 1275 1995 dictum
1308 1962 1384 1995 erat
1407 1961 1647 2004 superstitioni
1673 1960 1802 1997 aditum
1834 1963 1992 2005 paratum
2022 1969 2104 2005 esse
2128 1969 2186 2006 eo,

131 2028 225 2074 quod
248 2027 297 2065 dii
322 2035 460 2072 supra
492 2034 595 2072 quam
628 2027 846 2062 instituta
874 2029 946 2062 tum
969 2035 1071 2063 sacra
1096 2028 1258 2064 tulissent
1298 2031 1337 2064 ut
1361 2028 1520 2065 homines
1544 2028 1630 2073 tingi
1654 2031 1690 2064 et
1713 2031 1752 2064 ut
1774 2029 1897 2065 hostes
1921 2030 2035 2065 timeri
2060 2031 2177 2075 coepti

132 2098 267 2134 essent.
317 2095 412 2138 Quae
439 2104 544 2140 quum
568 2096 617 2130 ita
642 2096 726 2140 sint,
749 2103 815 2139 ego
841 2095 975 2140 quidem
998 2105 1204 2141 persuasum
1220 2097 1347 2143 habeo,
1372 2106 1427 2144 ea,
1453 2105 1543 2143 quae
1559 2106 1604 2133 ex
1627 2097 1773 2142 August.
1791 2098 1842 2134 vl.
1869 2100 1903 2133 9.
1921 2099 2184 2144 exscripsimus,

131 2175 211 2205 cum
235 2165 318 2212 illis,
345 2173 436 2211 quae
461 2167 564 2202 sexto
588 2164 666 2201 loco
690 2166 880 2211 posuimus,
904 2174 972 2201 una
996 2168 1243 2203 sententiarum
1268 2175 1436 2212 compage
1456 2167 1580 2212 iuncta
1595 2175 1618 2203 a
1634 2166 1788 2204 Varrone
1804 2168 2027 2212 pronuntiata
2048 2167 2183 2214 fuisse3

129 2243 219 2280 quae
242 2237 381 2279 tamen,
416 2242 521 2278 quum
545 2233 590 2268 ab
615 2233 808 2276 Augustino
831 2234 1034 2270 inducantur
1056 2245 1126 2271 non
1158 2236 1273 2271 addito
1305 2236 1411 2271 solito
1433 2236 1493 2272 illo
1517 2235 1652 2281 „alibi“
1676 2239 1736 2272 aut
1762 2236 1855 2282 „alio
1879 2236 1994 2282 loco“,
2019 2238 2055 2272 in
2079 2237 2191 2291 frag-3

125 2307 322 2345 mentorum
353 2305 484 2344 seriem
519 2304 677 2348 recipere
710 2302 821 2349 nolui,
854 2306 891 2340 ut
922 2307 1034 2350 magis
1060 2308 1199 2342 cautum
1230 2315 1287 2342 me
1320 2315 1423 2351 quam
1448 2307 1668 2342 temerarium
1692 2305 1905 2351 praeberem.
1955 2305 2067 2351 Atque
2091 2306 2183 2342 satis

127 2373 257 2410 dictum
282 2372 326 2408 de
351 2370 594 2416 religionibus,
620 2379 688 2415 quo
715 2372 894 2415 aptissimo
919 2374 1054 2409 nomine
1079 2374 1292 2418 Augustinus
1327 2374 1450 2409 librum
1475 2374 1518 2409 de
1544 2374 1643 2410 Cultu
1659 2374 1810 2420 deorum
1838 2376 2022 2419 pristinam
2045 2372 2182 2410 illorum

126 2442 401 2486 fragmentorum
426 2440 547 2476 sedem
572 2439 687 2475 fuisse
712 2439 805 2474 haud
830 2440 992 2485 ambigua
1017 2442 1270 2486 significatione
1295 2443 1472 2478 indicasse
1496 2443 1693 2479 censendus
1718 2446 1783 2479 est.

304 2509 429 2561 Restat
463 2511 502 2546 ut
535 2508 805 2553 demonstretur,
838 2517 905 2553 qua
930 2512 1177 2547 sententiarum
1202 2512 1409 2556 cognatione
1442 2511 1544 2548 dubia
1577 2511 1666 2548 haec
1701 2511 1898 2556 fragmenta
1931 2519 2008 2546 cum
2036 2509 2183 2557 reliquis

125 2579 310 2625 conjuncta
334 2578 417 2624 sint,
442 2580 480 2614 ut
505 2587 549 2615 ex
573 2577 698 2614 eodem
721 2575 809 2619 libro
835 2579 949 2613 omnia
972 2581 1118 2624 repetita
1143 2589 1224 2615 esse
1250 2582 1345 2616 recte
1371 2580 1540 2616 dicantur.
1585 2580 1623 2616 In
1649 2589 1717 2625 qua
1740 2588 1792 2625 re,
1817 2581 1855 2614 ut
1878 2580 1915 2614 in
1938 2570 2072 2626 aperta,
2096 2579 2179 2616 bre-

126 2651 177 2684 vis
203 2658 292 2685 sum.
341 2647 384 2684 Et
407 2649 555 2693 primum
580 2647 718 2692 quidem
744 2646 871 2682 Valerii
896 2648 1018 2684 Sorani
1051 2649 1110 2686 illo
1143 2660 1248 2686 versu
1282 2652 1382 2695 quasi
1415 2651 1501 2686 duce
1526 2651 1718 2686 invenimus
1743 2649 1951 2685 iudaeorum·
1972 2658 2077 2686 sacra
2098 2649 2176 2685 lau-

128 2716 209 2753 data
223 2716 336 2756 fuisse
352 2717 387 2753 in
403 2716 492 2753 libro
510 2716 552 2753 de
577 2716 677 2753 Cultu
703 2715 846 2752 deorum
871 2715 930 2761 (fr.
956 2717 989 2752 2.
1015 2719 1078 2764 3.).
1122 2718 1229 2762 Quam
1255 2720 1451 2765 opinionem
1475 2727 1517 2756 eo
1543 2717 1816 2755 commendatam
1841 2717 1940 2754 video
1965 2727 2060 2765 esse,
2088 2715 2181 2763 quod

127 2785 216 2823 deus
237 2785 443 2824 iudaeorum
466 2787 590 2824 iterum
615 2786 779 2823 castioris
805 2785 917 2823 cultus
935 2787 1127 2833 exemplum
1151 2783 1336 2826 exhibetur
1359 2788 1405 2836 fr,
1431 2791 1464 2826 6.
1510 2788 1597 2830 Quin
1622 2789 1727 2825 etiam
1752 2791 1976 2835 quaerentes,
1996 2794 2183 2834 quemnam
