2362 2979
951 74 1327 119 .„,.,3„

135 198 516 264 [mmm.
366 195 407 269 js
453 202 455 204 ’
531 206 1109 258 κακὴ-πω
1138 210 1175 243 111
1199 209 1322 253 quibus
1346 212 1449 246 etiam
1473 209 1602 246 mm
1626 212 1682 245 θ’*
1714 218 1769 256 ⁸⁹·
1794 209 2062 248 mm*
2086 209 2125 246 ⁸·
2151 210 2190 246 ¹³·

155 269 474 330 uffgssgfflmt
497 276 1202 325 nt,„...„gngit·nreft,-³mquan<qaaedam
1227 280 1412 323 „mysteria
1436 278 1639 316 ‹loen-ina&
1663 279 1732 314 sibi
1755 281 1818 324 „ut
1844 278 2091 323 peritioribus“
2115 288 2191 315 ser·

153 345 467 395 maesti-'rona
489 347 691 393 interpreoe,
713 346 771 383 mr
786 345 826 381 111
846 344 971 389 meus
996 343 1097 380 edita>
1118 347 1210 391 sunt,
1234 347 1273 381 ut
1303 345 1482 383 scribendo
1516 345 1730 391 dicendoque
1752 346 1902 391 repetita
1926 348 2086 393 antiquae
2109 345 2190 383 reli-

154 403 622 462 Wmimtw
641 412 902 460 propugnacula
923 413 1048 450 flerent
1078 412 1173 457 (vide
1199 413 1240 449 de
1258 414 1376 450 Causs.
1403 424 1491 452 corr.
1515 415 1577 452 rei.
1603 418 1637 461 p;
1664 416 1718 451 49
1736 416 1820 460 sq).
1855 415 1943 451 111110
1966 415 2096 451 factiun
2121 418 2188 461 est,

155 485 197 521 ut
216 483 256 522 111
278 483 370 523 lianc
394 484 588 527 noctuam
611 483 801 527 scriptores
826 480 1057 518 ecclesiastici
1080 483 1230 517 veterem
1254 482 1454 527 religionem
1484 485 1724 529 impugnantes
1755 483 2062 520 vehementissime
2095 486 2188 521 inve-

151 552 325 595 matur.
350 551 552 598 lix-quihus,
564 550 801 586 ιιι-,4110001031
811 549 863 595 vl,
876 551 910 585 9.
923 549 1077 587 Lactant
1094 549 1128 585 ll.
1143 551 1176 585 6.
1193 551 1242 603 111.
1259 552 1421 598 omittam,
1435 551 1660 597 Augustinum
1677 553 1828 599 nomino,
1846 553 1973 599 qnippe
1990 552 2090 597 cujus
2107 552 2186 588 libri

151 610 279 672 1111111113
293 622 424 661 1011111
447 619 637 660 cnidiorum
659 628 743 655 esse
766 618 933 664 debeant,
958 616 1203 654 Varronianam
1226 619 1317 655 illam
1340 620 1527 656 doctrinam
1551 622 1757 665 saepissime
1773 623 2067 665 perstringentem
2092 624 2131 656 nt
2147 622 2190 656 de

158 687 418 734 Docta-emt.
442 686 491 734 lll,
515 688 569 724 ⁷.:
597 686 666 733 „Et
697 686 732 723 si
754 685 889 732 quando
915 685 1021 732 aliqui
1044 694 1162 724 eorum
1194 687 1402 733 (gentilium)
1435 688 1492 725 illa
1525 688 1744 734 (simulacra)
1768 692 1932 734 tanquam
1956 691 2059 734 signa
2083 691 2193 726 inter-

100 749 102 752 ’
153 756 541 808 presterismabantur,
575 755 619 792 ad
643 757 836 793 ιιι-3111111013
866 755 1074 801 (elementa)
1097 755 1274 792 colendam
1298 751 1588 803 venerandamque
1612 757 1820 796 referebant.
1869 758 1957 800 Quid
1981 760 2073 795 enim
2096 758 2184 795 1111111

153 826 295 873 prodeat
324 826 546 862 simulacrum
577 824 674 861 verbi
693 825 820 869 ¹'gratia
850 823 996 869 Neptuni
1028 833 1099 860 11011
1122 825 1236 869 ipsum
1258 824 1449 860 habendum
1474 826 1591 873 deum,
1617 827 1680 862 sed
1704 836 1745 862 eo
1771 827 1961 870 significari
1985 829 2188 864 imiversum

155 893 276 936 mate*
293 914 343 924 -v
358 894 421 941 Ep.
444 894 555 931 XLIX.
581 893 622 930 T.
646 893 684 930 ll.
705 902 739 939 p.
768 894 847 929 199.
872 892 954 929 Bas.
980 893 1086 930 1543.
1128 892 1221 940 „Nec
1243 893 1336 930 illinc
1361 898 1527 932 excusant
1549 896 1644 941 impii
1668 904 1733 931 sua
1757 896 1927 940 sacrilega
1952 905 2055 933 sacra
2079 899 2116 933 et
2140 898 2187 933 si-

158 964 323 1010 miben,
347 964 439 1009 quod
472 963 650 1007 eleganter
680 963 959 1007 interpretantur,
993 961 1073 1006 quid
1105 970 1261 1006 quaeque
1293 963 1519 1006 significent“.
1566 963 1722 999 Enarrat.
1753 963 1882 1000 Psalmi
1910 963 2019 1000 xcvi.
2050 964 2088 1001 T.
2114 964 2190 1001 vlu,

155 1041 191 1077 11.
210 1034 315 1069 1086.
349 1032 445 1078 „Sed
469 1033 592 1068 existit
613 1032 733 1067 nescio
759 1032 837 1075 quis
861 1030 1065 1082 disputator,
1092 1032 1149 1074 qui
1166 1031 1287 1066 doctus
1312 1031 1380 1065 sibi
1403 1032 1590 1077 videbatur,
1615 1035 1651 1066 et
1667 1034 1727 1077 ait,
1751 1042 1817 1067 non
1841 1042 1908 1076 ego
1925 1033 2019 1068 iilum
2038 1033 2188 1078 lapidem

155 1100 244 1148 colo,
258 1109 323 1137 nec
347 1099 429 1136 illud
453 1099 687 1146 simtuacrum,
712 1098 803 1145 quod
826 1100 883 1135 est
905 1099 986 1134 siue>
1008 1106 1115 1134 sensu
1139 1117 1187 1124 —
1212 1097 1275 1134 sed
1299 1098 1403 1135 adoro
1429 1099 1516 1145 quod
1539 1099 1637 1136 video
1663 1101 1699 1136 et
1722 1102 1832 1138 servio
1858 1101 1892 1137 ei
1918 1109 2018 1147 quem
2042 1111 2112 1138 11011
2135 1102 2186 1139 vi·

155 1170 245 1206 deoc
279 1169 364 1211 Quis
389 1172 445 1205 est
468 1170 563 1204 iste?
610 1153 742 1204 Numen
775 1167 945 1212 quoddam
973 1168 1167 1213 invisibile,
1198 1168 1288 1212 quod
1320 1169 1492 1212 praesidet
1524 1169 1570 1203 illi
1602 1169 1815 1204 simulacrof‘
1866 1170 2022 1205 Enarrat.
2054 1169 2187 1206 Psalmi

156 1237 258 1274 cxlii.
283 1246 320 1283 (ι.
345 1238 463 1283 1806.,
489 1238 547 1282 qui
569 1237 666 1273 locus
692 1238 806 1272 instar
828 1236 1015 1280 fragmenti
1030 1236 1233 1272 varroniani
1248 1235 1428 1271 habendus
1446 1241 1516 1272 est:
1542 1237 1729 1283 „Videntur
1753 1241 1865 1273 autem
1881 1238 1949 1274 sibi
1974 1240 2185 1283 purgatioris

156 1317 238 1345 esse
260 1306 438 1352 religionis
464 1308 521 1352 qui
546 1306 681 1353 dicunt,
715 1316 780 1343 nec
805 1306 1023 1342 simulacrum
1047 1315 1112 1342 nec
1145 1306 1361 1342 daemonium
1394 1307 1486 1352 colo,
1520 1308 1581 1343 sed
1605 1317 1666 1351 per
1689 1307 1838 1350 effigiem
1862 1308 2075 1351 corporalem
2107 1310 2189 1352 ejus

154 1377 207 1412 rei
230 1377 367 1420 signum
391 1376 538 1420 intueor,
563 1384 665 1420 quam
690 1374 803 1415 colere
827 1374 946 1410 debeo.
997 1374 1048 1409 ita
1072 1383 1153 1409 vero
1178 1375 1444 1419 interpretantur
1469 1375 1662 1421 simulacra,
1685 1378 1722 1410 ut
1756 1376 1819 1411 alio
1855 1375 1971 1411 dicant
1996 1376 2187 1420 significari

155 1448 304 1490 terram,
318 1443 407 1480 unde
432 1443 595 1489 tempium
619 1444 734 1480 solent
758 1444 931 1490 appellare
956 1443 1113 1489 Telluris,
1140 1443 1207 1479 alio
1231 1453 1326 1479 mare
1351 1445 1441 1480 sicut
1465 1443 1608 1489 Neptuni
1632 1444 1822 1490 simulacro,
1859 1445 1927 1480 alio
1954 1454 2069 1481 aerem
2094 1447 2187 1482 sicut

156 1514 312 1559 Iunonis,
337 1512 404 1548 alio
429 1514 544 1556 ignem
570 1514 661 1548 sicut
684 1512 839 1558 Vulcani,
864 1512 933 1548 alio
957 1510 1152 1547 Luciferum
1177 1513 1267 1547 sicut
1290 1511 1545 1564 Veneris,⁴alio
1570 1512 1694 1558 solem,
1720 1512 1782 1547 alio
1806 1512 1942 1559 lunam,
1968 1521 2112 1557 quorum
2137 1515 2186 1549 si-

156 1582 318 1619 mulacris
343 1581 466 1616 eadem
488 1582 627 1617 nomina
655 1582 746 1616 sicut
769 1581 922 1616 tellursis
944 1582 1132 1627 imponunt.
1183 1580 1232 1616 De
1266 1580 1389 1625 quibus
1413 1590 1544 1625 rursuS,
1570 1590 1645 1615 cum
1671 1583 1835 1623 exagitari
1865 1582 2060 1627 coeperint,
2094 1583 2187 1626 quod

157 1657 304 1695 corpora
327 1648 455 1694 colant,
476 1650 692 1694 maximeque
717 1652 845 1685 terram
879 1651 914 1684 et
945 1658 1041 1684 mare
1067 1651 1101 1684 et
1127 1657 1242 1684 aerem
1266 1651 1302 1683 et
1325 1649 1440 1692 ignem
1466 1668 1511 1673 —-
1537 1648 1738 1693 respondere
1769 1648 1917 1695 audent,
1949 1658 2019 1685 non
2043 1659 2082 1686 se
2107 1651 2187 1695 ipsa

157 1726 303 1764 corpora
334 1718 469 1764 colere,
493 1718 556 1754 sed
589 1726 677 1763 quae
702 1718 770 1754 illis
801 1718 964 1763 regendis
998 1717 1198 1763 praesident
1226 1717 1402 1753 numina“.
1451 1717 1546 1762 Apud
1579 1718 1723 1753 Graecos
1756 1720 1873 1761 patres
1907 1726 1990 1754 rara
2020 1718 2187 1756 Varronis

156 1787 331 1824 minoda
346 1789 420 1833 est3
444 1786 508 1822 sed
531 1795 599 1829 11011
627 1788 782 1831 ignotum
806 1795 883 1822 eum
915 1786 1027 1822 fuisse
1052 1785 1280 1822 Alexandriae
1313 1784 1413 1822 docet
1447 1786 1625 1822 Clementis
1651 1784 1846 1830 exemplum.
1897 1786 1940 1821 Et
1972 1786 2186 1825 Athanasius

158 1855 295 1901 quidem
320 1856 368 1891 ita
394 1857 515 1891 contra
538 1855 687 1899 gentiles
705 1855 875 1900 disputat,
900 1858 972 1891 tum
996 1858 1173 1900 poetarum
1197 1854 1335 1890 fabulas
1360 1855 1494 1899 ridens,
1527 1858 1595 1889 tum
1619 1853 1896 1898 philosophorum
1920 1859 2108 1899 praecepta
2132 1865 2189 1891 re-

157 1923 292 1970 stitans,
312 1925 351 1959 ut
376 1932 477 1969 quam
501 1923 571 1960 late
595 1924 697 1960 istius
723 1923 899 1960 doctrinae
925 1923 1064 1960 decreta
1088 1925 1279 1969 propagata
1304 1923 1431 1960 fuerint
1454 1923 1507 1959 vel
1531 1933 1574 1959 ex
1599 1924 1671 1968 ejus
1695 1922 1795 1959 libris·
1809 1922 2040 1960 demonstrari
2062 1925 2187 1970 possit.

103 2028 107 2031 ,
158 1993 192 2027 13
214 1994 321 2036 igitur
352 1992 578 2036 philosophos
604 1995 707 2035 atque
738 1992 891 2026 eruditos
917 1992 1021 2026 tradit
1045 1992 1229 2026 simulacra
1259 1992 1336 2026 ideo
1370 1992 1498 2026 dixisse
1529 1991 1670 2026 conficta
1694 1999 1791 2034 esse,
1824 1992 1873 2024 ut·
1886 1999 1949 2034 per
1974 1998 2016 2025 ea
2042 1991 2089 2026 dii
2113 2001 2187 2026 res-

157 2060 348 2106 ponderent
373 2081 419 2086 —
445 2061 531 2097 alios
557 2063 683 2106 autem,
706 2062 764 2105 qui
780 2061 992 2105 sapientiora
1017 2063 1052 2096 et
1076 2061 1198 2096 altiora
1216 2061 1278 2105 (ex
1295 2060 1491 2106 „doctrinae
1509 2059 1717 2103 mysteriis“)
1735 2068 1773 2093 se
1792 2058 1907 2093 dicere
1925 2058 2186 2104 arbitrarentur,

159 2137 237 2166 eam
259 2130 428 2165 rationem
454 2128 625 2175 attulisse,
649 2131 687 2164 ut
710 2138 772 2174 per
796 2137 838 2164 ea
863 2128 1033 2165 coelestes
1059 2130 1299 2166 invocarentur
1324 2131 1358 2164 et
1382 2130 1583 2173 apparerent
1599 2126 1709 2171 angeli
1741 2129 1844 2171 atque
1878 2127 2035 2173 virtutes,
2067 2129 2186 2173 sicque

162 2199 368 2242 apparentes
394 2206 543 2231 veram
568 2198 667 2232 illis
693 2198 762 2232 dei
786 2198 1077 2232 insinuarent
1102 2200 1338 2233 notionem.
1376 2197 1461 2231 Esse
1487 2197 1576 2230 enim
1592 2204 1633 2230 ea
1650 2194 1842 2229 hominibus
1860 2194 1952 2229 velut
1976 2194 2186 2242 litteras,

158 2274 249 2312 ‚quae
272 2265 468 2310 relegentes
494 2269 639 2313 possent
664 2267 719 2303 dei
743 2266 1003 2311 intelligentiam
1028 2268 1203 2312 consequi.
1230 2267 1274 2303 cf.
1299 2266 1358 2302 fol.
1384 2266 1463 2301 262.
1489 2272 1576 2301 vers.
1601 2264 1653 2299 ed.
1677 2263 1733 2299 lat.
1751 2262 1864 2298 Paris.
1894 2265 1997 2299 1518.
2024 2264 2065 2300 cl.
2093 2265 2186 2301 Max.

159 2333 238 2376 Tyr.
264 2334 349 2370 diss.
374 2336 409 2380 8,
435 2335 471 2370 2.
493 2335 561 2370 vid.
578 2327 817 2370 Tertuli.'adv.
842 2334 943 2371 Marc.
966 2335 992 2380 I,
1013 2336 1068 2370 13.
1094 2354 1140 2360 —

310 2442 314 2445 V
336 2402 430 2445 Quod
455 2402 571 2438 ultimo
597 2403 672 2439 loeo
697 2404 875 2447 posuimus
900 2404 1097 2439 vaticinium
1119 2406 1154 2439 si
1179 2405 1255 2447 quis
1281 2404 1436 2438 occurrat
1460 2401 1576 2436 dicens
1601 2409 1668 2435 non
1693 2409 1772 2434 esse
1798 2399 1901 2443 hujus
1926 2399 2018 2444 libri,
2050 2402 2083 2435 ei
2108 2402 2189 2445 quid

159 2469 391 2515 respondeam
414 2470 498 2506 nihil
515 2470 629 2506 habeo
655 2472 793 2516 praeter
818 2470 896 2517 hoc,
922 2471 1096 2507 commode
1122 2471 1376 2514 hydromantiae
1401 2470 1479 2505 illud
1503 2467 1690 2513 exemplum
1706 2468 1739 2502 ei
1756 2468 1945 2512 ascriptum
1966 2454 2073 2503 videri
2090 2468 2188 2515 libro,

160 2540 196 2573 in
221 2546 287 2583 quo
311 2539 500 2575 Varronem
526 2540 567 2575 de
591 2539 804 2575 mirabilibus
831 2540 897 2575 illis
930 2540 1057 2575 Numae
1083 2541 1214 2575 artibus
1248 2541 1505 2575 commentatum
1531 2546 1610 2572 esse
1634 2537 1825 2580 Augustino
1859 2539 1951 2571 teste
1977 2540 2106 2573 certum
2130 2539 2190 2574 sit.

162 2606 223 2643 cui
239 2607 364 2652 siquis
383 2607 600 2653 subjunxerit
625 2608 767 2643 alterum
791 2609 947 2652 magicae
973 2610 1057 2658 artis
1084 2608 1272 2653 exemplum
1297 2607 1339 2643 ab
1366 2606 1505 2652 Apulejo
1531 2605 1552 2641 1.
1578 2605 1608 2641 d.
1636 2613 1679 2640 ex
1703 2604 1857 2641 Varrone
1884 2605 2038 2641 allatum:
2064 2605 2189 2652 „Item-

162 2683 227 2720 que
250 2672 412 2727 Fabium,
439 2686 541 2721 quum
568 2679 773 2723 quingentos
799 2678 974 2714 denarium
999 2678 1220 2723 perdidisset,
1254 2676 1297 2711 ad
1325 2676 1492 2727 Nigidium
1525 2674 1717 2710 consultum
1740 2676 1901 2721 venisse,
1928 2674 1970 2710 ab
1996 2684 2038 2710 eo
2063 2684 2190 2720 pueros

162 2743 313 2781 carmine
336 2745 519 2780 instinctos
545 2747 753 2782 indicavisse
778 2746 841 2784 ubi,
860 2747 1011 2782 locorum
1036 2747 1177 2781 defossa
1209 2748 1305 2780 esset
1330 2753 1488 2779 crumena
1513 2753 1590 2778 cum
1614 2745 1704 2788 parti
1728 2752 1857 2788 eorum,
1884 2745 1991 2778 ceteri
2016 2746 2054 2778 ut
2077 2744 2193 2780 forent

161 2809 352 2858 distribut13
378 2820 481 2864 unum
506 2812 611 2849 etiam
637 2813 815 2852 denarium
838 2823 883 2852 ex
907 2823 948 2852 eo
973 2822 1112 2851 numero
1137 2812 1264 2849 habere
1290 2812 1450 2848 Catonem
1475 2810 1729 2859 philosophum,
1754 2820 1854 2858 quem
1880 2821 1919 2849 se
1937 2821 1958 2849 a
1982 2811 2196 2859 pedissequo-
