2362 2979
759 603 850 667 Μ.
889 602 1166 666 Terentii
1203 574 1503 687 Varronis

567 776 838 841 Curio
897 776 990 840 de
1039 776 1294 841 Cultu
1344 775 1698 839 deorum.

879 953 935 1003 1.
966 915 1379 1015 Fragmenta.

302 1136 334 1170 1.
371 1134 583 1178 Augustinus
609 1132 651 1168 de
674 1131 770 1168 civit.
791 1130 847 1167 dei
869 1131 927 1167 lib.
951 1131 1021 1168 vn.
1054 1141 1084 1168 e.
1111 1133 1164 1167 9.:
1189 1130 1299 1175 Magis
1324 1132 1414 1168 enim
1430 1131 1504 1168 Jovi
1520 1133 1712 1169 universum
1731 1131 1844 1169 solent·
1863 1130 2029 1178 tribuere,
2050 1129 2143 1169 unde
2176 1122 2181 1128 ’

123 1206 184 1241 est
211 1201 314 1239 iilud:
354 1201 447 1238 Jovis
473 1201 595 1238 omnia
625 1199 737 1246 plena.
785 1198 876 1244 Ergo
908 1202 945 1235 et
967 1199 1094 1246 Iovem,
1127 1201 1166 1244 nt
1198 1197 1282 1234 deus
1306 1199 1367 1244 sit,
1399 1200 1435 1234 et
1457 1200 1602 1236 maxime
1629 1202 1665 1235 ut
1687 1209 1747 1236 rex
1770 1199 1922 1246 deorum,
1945 1207 2016 1236 non
2039 1198 2146 1236 nliu-

125 1271 272 1317 possunt
303 1265 501 1306 existimare
533 1277 633 1314 quam
665 1267 846 1303 mundum:
879 1269 919 1302 ut
949 1269 985 1303 in
1017 1267 1083 1303 diis
1116 1268 1254 1312 ceteris,
1286 1266 1473 1302 secundum
1503 1269 1590 1304 istos
1623 1270 1695 1304 suis
1725 1268 1893 1314 partibus,
1922 1268 2056 1313 regnet.
2097 1260 2146 1304 ἱ

120 1328 216 1375 hanc
241 1338 448 1395 sententiam
472 1338 577 1373 etiam
602 1335 769 1382 quosdam
791 1344 915 1370 versus
940 1334 1066 1371 Valerii
1091 1335 1214 1371 Sorani
1238 1336 1379 1379 exponit
1402 1335 1492 1371 idem
1514 1334 1619 1372 Varro
1637 1336 1674 1371 in
1689 1345 1728 1372 eo
1744 1335 1843 1381 ilbi-o,
1867 1344 1969 1380 quem
1985 1332 2146 1372 sem

129 1407 172 1445 ab
197 1408 275 1444 istis
300 1406 341 1453 (i.
367 1414 397 1442 e.
423 1388 600 1450 Antiquitt.
624 1413 693 1440 rer.
719 1402 803 1449 div.)
829 1402 871 1438 de
897 1402 989 1439 cuitu
1012 1397 1153 1439 deorum
1178 1396 1330 1449 scripsit,
1356 1404 1413 1448 qui
1436 1398 1556 1439 versus
1581 1403 1617 1440 1ι1
1641 1406 1735 1440 sunt:
1791 1425 1795 1429 -

300 1474 455 1519 luppiter
479 1472 707 1517 omnipotens,
730 1481 851 1515 regum
873 1480 937 1506 rex
960 1473 1036 1516 ipse
1062 1471 1226 1516 deusque,

296 1540 516 1600 Progenitor,
541 1541 756 1586 genitrixque
782 1539 892 1586 deum,
918 1538 1014 1576 deus
1028 1548 1117 1576 unus
1142 1541 1178 1576 et
1203 1539 1324 1576 omnis.

126 1611 349 1658 Exponuntur
379 1611 512 1646 nutem·
526 1610 563 1645 in
596 1607 717 1644 eodem
740 1607 834 1644 libro
859 1609 920 1654 ita,
950 1609 988 1643 ut
1019 1616 1098 1644 eum
1120 1616 1251 1643 marem
1275 1609 1521 1654 existimarent,
1545 1609 1602 1652 qui
1626 1617 1743 1643 semen
1764 1609 1947 1654 emitteret,
1969 1608 2148 1655 feminam,

75 1715 83 1721 ,
128 1687 216 1725 quae
243 1680 426 1724 acciperet,
450 1674 635 1722 &ovemque
660 1685 740 1713 esse
764 1677 925 1712 mundum
949 1679 986 1713 et
1001 1686 1079 1713 eum
1103 1671 1218 1714 omnia
1243 1678 1376 1713 semina
1399 1687 1443 1713 ex
1467 1687 1506 1714 se
1530 1679 1682 1714 emittere
1703 1679 1738 1713 et
1761 1678 1799 1714 in
1822 1687 1862 1715 se
1886 1678 2055 1725 recipere,
2079 1686 2148 1724 qu

127 1755 248 1802 eausa,
272 1742 393 1792 inquit,
417 1746 559 1791 scripsit
582 1737 926 1790 soranus,1uppiter
948 1745 1146 1790 progenitor
1162 1745 1388 1791 genitrixque,
1412 1753 1476 1781 nec
1499 1746 1610 1781 minus
1634 1753 1708 1781 cum
1732 1753 1851 1791 causa,
1873 1754 1978 1782 unum
2002 1748 2040 1782 et
2055 1747 2148 1784 idem

127 1791 216 1861 (sic)
250 1816 364 1851 omnia
396 1823 495 1859 esse3
527 1813 675 1848 mundus
709 1812 818 1848 enim
826 1805 917 1848 unns
940 1814 977 1848 et
1001 1814 1037 1848 in
1054 1822 1103 1849 -eo
1131 1822 1217 1849 uno
1227 1806 1341 1849 omnia
1365 1816 1454 1849 sunt.
1480 1832 1526 1840 -
1549 1813 1597 1850 lb.
1623 1822 1652 1849 e.
1681 1814 1753 1849 11..
1779 1813 1899 1858 Cogito
1925 1816 2017 1851 enim
2039 1823 2149 1861 posse

126 1882 338 1938 responderi,
371 1883 406 1918 et
437 1882 548 1927 ipsam
572 1879 750 1943 Iunonem
761 1878 847 1917 nihil
870 1872 971 1916 aliud
993 1887 1088 1927 esse,
1113 1888 1215 1927 quam
1239 1881 1375 1929 lovem,
1399 1882 1584 1918 secundum
1607 1881 1682 1918 ilios
1705 1880 1842 1918 Valerii
1856 1881 1983 1919 Sorani
2011 1887 2148 1930 versus,

101 1977 107 1981 -
126 1950 186 1988 ubi
209 1950 342 1987 dictum
361 1951 434 1985 est:
610 1960 614 1963 ·
659 1961 661 1963 ’
1792 1971 1794 1973 ·

299 2005 455 2063 Juppfter
480 2019 707 2063 omnipotens,
730 2025 852 2061 regum
875 2026 1056 2063 rerumque
1081 2017 1249 2063 deumque

301 2084 506 2131 Progenitor
530 2086 745 2131 genitrixque
770 2084 881 2122 deum.

126 2149 249 2191 vithe.
276 2155 333 2190 13.
358 2163 390 2192 c.
418 2142 473 2189 16.

300 2222 373 2269 (2.)
397 2222 542 2267 August.
559 2222 601 2259 de
628 2222 809 2260 consensu
825 2222 1029 2270 Ev.1,22.:
1065 2221 1173 2260 Van-o
1191 2224 1316 2270 autem,
1333 2231 1398 2269 quo
1415 2221 1600 2259 doctiorem
1616 2221 1705 2268 apud
1720 2231 1761 2259 se
1777 2224 1947 2260 neminem
1963 2225 2152 2273 inveniunt,

127 2288 228 2328 deum
243 2290 448 2327 Iudaeorum
468 2291 587 2327 Jovem
610 2293 754 2349 putavit,
778 2291 864 2328 nihil
888 2283 1059 2349 interesse
1077 2301 1237 2339 censens,
1275 2301 1339 2338 quo
1362 2292 1497 2327 nomine
1520 2292 1743 2345 nuncupetur,
1768 2291 1848 2328 dum
1871 2292 1993 2330 eudem
2015 2302 2075 2332 res
2099 2295 2151 2331 in-

127 2358 310 2404 telligatur,
343 2359 445 2396 credo
478 2359 568 2396 illius
602 2361 797 2397 summitate
830 2360 1013 2397 deterritus
1046 2360 1132 2407 [civ.
1158 2360 1197 2398 D.
1222 2360 1303 2398 XIX.
1328 2361 1406 2397 22.;
1437 2360 1517 2405 Jpse
1550 2361 1605 2394 est
1628 2358 1725 2406 deus,
1750 2368 1852 2406 quem
1876 2359 1997 2406 Varro,
2021 2361 2149 2400 doetis-

129 2427 237 2464 simus
259 2427 499 2475 Romanorum,
521 2429 639 2465 Iovem
662 2431 771 2476 putat,
797 2429 952 2474 quamvis
980 2413 1154 2476 nesciens,
1175 2429 1255 2475 quid
1274 2428 1438 2475 loquatur.
1473 2427 1566 2470 Quod
1587 2429 1702 2464 tamen
1721 2427 1799 2465 ideo
1820 2417 2152 2468 commorandum

127 2497 256 2543 putavi,
281 2498 442 2542 quoniam
465 2498 519 2533 vir
542 2500 660 2534 tantae
684 2499 852 2535 scientiae
876 2507 941 2534 nec
964 2498 1091 2533 nullum
1115 2499 1220 2534 istum
1240 2498 1338 2534 deum
1354 2498 1462 2543 potuit
1478 2497 1686 2542 existimare,
1710 2505 1776 2533 nee
1798 2497 1921 2545 vilem3
1944 2497 2037 2536 hume
2061 2501 2153 2537 enin

128 2552 218 2600 eum*
237 2573 318 2601 esse
351 2565 506 2615 eredidit,
540 2574 640 2611 quem
674 2576 843 2602 summum
874 2568 1008 2612 putavit
1036 2566 1175 2613 deum.].
1222 2566 1307 2602 Nam
1339 2566 1418 2612 quia
1449 2564 1535 2601 nihil
1567 2566 1725 2610 superius
1758 2564 1873 2603 solent
1895 2566 2016 2604 colere
2049 2575 2153 2613 qum

127 2630 255 2678 summ,
280 2633 372 2678 quod
400 2634 595 2680 capitolium
627 2643 745 2671 eorum
777 2635 864 2671 satis
894 2637 1080 2681 aperteque
1104 2636 1260 2680 testatur,
1289 2642 1431 2678 eumque
1462 2641 1611 2677 regem
1636 2634 1827 2670 omnium
1858 2634 2037 2672 deorum
2060 2635 2151 2673 arbi-

126 2694 276 2736 uantur:
297 2708 374 2737 eum
391 2702 689 2750 animadverteret,
705 2703 855 2740 ,ludaeos
872 2712 1041 2739 summum
1057 2703 1157 2740 deum
1181 2702 1304 2747 coiere,
1321 2701 1405 2737 nihil
1422 2700 1513 2736 aliud
1528 2702 1638 2746 potuit
1653 2703 1839 2749 suspicari,
1856 2710 1959 2747 qum
1970 2703 2151 2740 Jove-.—

125 2767 195 2804 Nos
227 2767 344 2803 lovem
378 2770 534 2817 colimus,
569 2772 611 2808 de
646 2781 711 2818 quo
745 2773 795 2808 ait
822 2772 934 2808 Maro:
971 2772 1065 2808 Jovis
1099 2773 1210 2807 omnia
1233 2770 1352 2816 plena:
1390 2770 1425 2806 id
1457 2773 1514 2806 est
1546 2771 1695 2807 ommnia
1724 2771 1954 2808 vivificantem
1983 2774 2155 2819 spiritum.

116 2832 246 2873 'Herito
271 2844 354 2880 ergo
379 2839 415 2872 et
439 2836 545 2876 Varro
571 2840 699 2896 lovem·
718 2841 877 2887 opinatus
903 2842 958 2877 est
982 2840 1047 2877 coli
1071 2849 1093 2876 a
1116 2835 1266 2886 ludaeis,
1291 2840 1372 2885 quia
1396 2839 1478 2877 dicit
1501 2848 1563 2886 per
1585 2839 1801 2887 prophetam,
1826 2839 2157 2882 coelumnetterrm

1810 2900 1827 2936 1
