2362 2979
1026 69 1312 113 ...5.-;

143 196 2181 261 wwmaffmnssmmmmmaeodemmmpnmmnmm

146 262 1127 319 mmmumffloeaketup
1152 268 1951 318 ccxxiv)sea1nmeaiouhmlnterpona
1983 263 2181 310 ιιιιειᾱω-

145 332 888 378 mmmm-eodm
890 336 1006 379 Quod
1031 338 1294 382 enim-August.
1326 339 1528 377 LLaddit:
1553 341 1739 387 „redeat
1771 349 1855 384 ergo
1885 341 1929 376 ab
1961 341 2049 387 hac,
2074 349 2180 386 quan

88 463 95 469 ·
118 402 121 404 ’
149 400 913 452 halogin-mfflwqmvdut
931 405 1182 451 *umescendi
1214 414 1321 444 causa
1348 407 1391 444 ab
1422 409 1467 446 iis
1491 408 1694 455 ambagibus
1717 407 2003 446 ‹et-anfractibus
2031 409 2073 455 (i.
2097 417 2177 447 esa

151 472 1243 530 mmzseisetornn1ateivlilnm=explieationibus)-tatigams
1259 482 1424 519 egressus
1448 479 1512 522 est,
1536 477 1694 513 redeat
1716 478 1857 529 inquam
1882 475 1927 513 ad
1952 476 2111 513 civflem“
2128 497 2176 504 —-

149 544 351 599 etz-'amri
368 544 511 579 taust
531 543 685 586 ’μικρὴ
725 544 784 587 ut,
820 541 902 579 lieet
931 543 978 578 :ia
1004 541 1124 578 illam·
1140 542 1307 582 naturalis
1350 542 1542 587 theologiae
1575 546 1678 581 veluti
1701 546 1898 588 fibertatem
1937 544 2033 590 (vide
2066 546 2174 591 insta)

141 613 255 658 eaput
277 608 794 656 campulum-‚voluisse
824 609 997 657 videatur,
1026 609 1170 647 adlruc
1201 612 1318 649 tamen
1341 610 1431 647 hunc
1461 612 1583 649 librum
1605 622 1748 650 versans
1773 616 1810 650 et
1832 622 1874 650 se
1897 614 1935 654 in
1959 613 2020 650 iiio
2043 615 2178 650 versari

140 678 426 725 cananaeam
440 676 582 723 (libram
603 677 641 715 h.
659 682 697 714 ³e.
722 678 1101 724 reiigionen'ciriiem)
1116 679 1230 715 etiam
1252 679 1331 715 inde
1357 680 1408 724 (h.
1433 689 1464 715 e.
1489 690 1532 717 ex
1551 681 1770 726 philosophia
1798 681 1964 726 naun-all)
1980 683 2178 727 respexerit

149 731 315 795 (νῆ’-ιε
334 743 468 791 »ιιι-φο.
481 746 570 782 libro
585 746 790 792 videbimus,
812 749 926 782 utrum
949 755 1012 792 per
1034 748 1334 792 interpretationes
1359 748 1612 792 physiologicas
1637 750 1681 784 ad
1704 749 1794 785 hanc
1820 750 2014 786 naturalem
2037 750 2175 786 theolo-

143 814 367 861 gian³posslt
379 813 510 851 referre
529 812 679 861 civilem,
696 822 807 859 quam
837 813 880 851 de
903 813 1043 851 selectis
1068 813 1143 861 {„h
1151 816 1252 860 ujus
1276 814 1388 852 civilis
1417 815 1610 861 theologiae
1633 817 1825 854 vanitates“
1842 826 1874 854 c.
1902 817 1976 863 iz]
2018 817 2174 855 ultimam

145 883 317 928 scripsit),
334 901 381 909 —
397 883 499 929 haec,
532 884 684 929 inquam,
708 888 777 919 noa
796 885 948 928 possunt
970 882 1014 924 de
1037 883 1116 920 libri
1139 884 1237 919 initio
1252 884 1354 920 ¹dicta
1378 893 1471 920 esse.
1503 884 1653 930 Denique
1679 885 1791 922 dubito
1817 895 1861 922 an
1884 885 1993 924 verba
2009 886 2174 924 varronis

138 950 356 996 alimmum.
380 951 451 998 vii,
467 952 526 988 ²8.
542 950 695 997 prolata:
720 950 873 987 dictums
898 951 941 987 de
954 951 1115 998 seminis,
1138 951 1205 989 hoc
1232 954 1288 990 est
1310 952 1354 989 de
1378 952 1520 999 deabus,
1544 954 1736 1000 „quoniam,
1763 955 1884 1001 inquit,
1909 956 1947 991 ut
1970 956 2007 991 in
2030 957 2172 1001 primo

145 1019 260 1057 libro
286 1020 356 1056 dixi
379 1020 428 1056 d‘e
452 1020 590 1066 locis,
623 1019 689 1055 duo
723 1022 805 1056 sunt
826 1020 996 1065 principia
1018 1017 1257 1057 animadversa
1282 1019 1325 1057 de
1345 1020 1445 1058 coelo
1470 1023 1505 1058 et
1531 1015 1634 1067 terra,
1659 1031 1681 1058 a
1704 1031 1769 1067 quo
1793 1022 1840 1059 dii
1862 1023 1990 1068 partim
2014 1022 2173 1060 dicuntu-

144 1088 314 1130 coelestes
337 1089 463 1134 partim
485 1089 692 1134 terrestres,
712 1090 752 1124 ut
774 1089 823 1124 in>
842 1087 1164 1134 superioribus
1193 1089 1495 1127 initiumlfecimus
1521 1098 1542 1125 a
1568 1090 1662 1127 coelo
1688 1110 1733 1116 —
1758 1092 1809 1127 sic
1835 1091 1878 1128 de
1906 1091 2047 1128 feminis
2074 1110 2121 1119 -
2149 1101 2172 1128 a

145 1156 316 1203 ’ΝΜ-οξ
338 1157 407 1193 'non
431 1158 470 1192 ut
490 1165 616 1193 novum
637 1156 868 1200 fragmentum
881 1166 970 1193 cum
993 1156 1154 1194 iterkeiio
1179 1157 1223 1193 ad
1245 1156 1303 1193 lib.
1330 1156 1368 1193 V.
1398 1157 1521 1193 referri
1553 1158 1708 1204 debeant,
1742 1161 1797 1204 qui
1830 1162 1887 1195 est
1917 1161 2050 1205 primus
2081 1161 2174 1198 inter

141 1215 315 1262 tres'illos
339 1225 382 1262 de
405 1226 491 1262 locis
508 1227 669 1271 scriptos,
692 1225 756 1262 sed
771 1227 918 1271 repetita
932 1227 1004 1262 sint
1026 1235 1071 1261 ex
1094 1225 1173 1262 libri
1196 1224 1280 1262 xvi.
1306 1234 1348 1262 eo
1374 1225 1470 1272 loco,
1488 1235 1552 1271 quo
1577 1227 1658 1271 (vid.
1676 1228 1816 1272 August.
1840 1227 1912 1274 vii,
1929 1231 1962 1264 6.
1980 1228 2110 1266 llerkel
2133 1239 2169 1275 p.

137 1293 310 1331 GCXXVI.
335 1294 407 1340 Bip.
430 1304 464 1340 p.
489 1294 591 1340 223.)
613 1294 658 1330 de
684 1293 831 1330 deorum
862 1293 1004 1330 sedibus
1037 1293 1211 1331 disseruit.
1261 1294 1454 1331 Traduntur
1484 1296 1520 1330 in
1543 1298 1684 1340 utroque
1707 1296 1779 1332 loco
1803 1305 1947 1342 prorsus
1972 1296 2106 1343 eadem,
2131 1299 2171 1334 et

145 1369 234 1407 quae
265 1361 315 1397 ibi
346 1363 463 1397 aeriae
490 1364 629 1398 animae
656 1365 833 1407 vocantur,
868 1359 1006 1407 heroes,
1035 1361 1140 1408 lares,
1173 1363 1277 1408 genii,
1302 1371 1366 1398 eae
1390 1362 1457 1397 hoc
1490 1362 1565 1398 loco
1599 1366 1778 1398 terrestres
1812 1367 2009 1410 censentur,
2041 1368 2081 1399 ut
2113 1367 2173 1410 qui

143 1437 208 1476 per
229 1415 525 1466 consecrationem
549 1439 594 1466 ex
614 1429 813 1466 hominibus
835 1429 884 1465 dii
906 1429 993 1465 facti
1017 1429 1061 1466 ad
1084 1430 1253 1466 caelestes
1279 1429 1383 1466 sedes
1406 1439 1476 1465 non
1507 1431 1711 1474 perveniant.
1758 1431 1796 1466 ln
1822 1431 1945 1476 quibus
1969 1431 2168 1469 nominihus

142 1497 312 1545 duplicem
326 1499 443 1534 inesse
459 1500 682 1545 notationem,
698 1501 770 1535 tuin
785 1500 928 1534 naturae
946 1499 1016 1535 tum
1033 1498 1177 1546 sedium,
1192 1498 1248 1535 vel
1272 1507 1316 1535 ex
1339 1507 1380 1534 eo
1398 1499 1614 1543 perspicuum
1640 1501 1703 1545 est,
1722 1499 1810 1543 quod
1826 1499 2039 1544 Augustinus
2056 1510 2087 1536 c.
2105 1501 2169 1537 23.

142 1566 330 1604 Varronem
353 1566 422 1603 sibi
438 1575 561 1612 parum
588 1568 788 1603 constitisse
812 1569 940 1604 narrat.
990 1567 1085 1609 Quod
1109 1569 1158 1603 ita
1181 1567 1431 1613 dijudicandum
1449 1566 1581 1603 videtur
1596 1576 1687 1612 esse,
1711 1569 1747 1602 ut
1771 1567 1969 1614 Varronem,
1995 1570 2088 1605 sicut
2102 1578 2168 1615 pro

143 1644 240 1673 niore
251 1644 314 1671 suo
328 1636 363 1671 in
376 1635 491 1672 multis
506 1635 699 1689 aliisyebus
712 1636 806 1682 fecit,
823 1637 872 1672 lta
883 1637 990 1672 etiam
1001 1636 1084 1672 deos
1098 1636 1286 1672 secundum
1307 1636 1376 1672 loc
1385 1645 1503 1672 orum
1519 1635 1745 1671 diversitatem
1761 1635 1982 1673 distribuisse
1999 1637 2167 1683 dicamus.

140 1703 281 1741 Librum
304 1703 343 1741 V.
367 1706 483 1740 autem
498 1705 539 1741 -si
562 1704 760 1749 significare
784 1704 962 1751 voluisset,
987 1704 1140 1741 dicturus
1164 1704 1302 1742 videtur
1324 1705 1455 1740 fuisse:
1487 1706 1550 1750 „ut
1573 1705 1608 1739 in
1632 1705 1736 1749 primo
1767 1703 1855 1741 libro
1880 1704 1925 1740 de
1948 1704 2037 1741 locis
2061 1705 2171 1752 dixl“,

128 1773 236 1809 sive:
251 1774 315 1819 „ut
338 1771 409 1808 dixi
424 1773 460 1807 in
477 1773 586 1817 primo
602 1771 689 1808 libro
714 1772 756 1808 de
772 1772 896 1808 locis.“
943 1773 1056 1808 Etiam
1072 1773 1108 1808 L.
1133 1773 1170 1809 L.
1196 1773 1235 1818 V,
1261 1774 1340 1808 184.
1364 1774 1400 1808 in
1423 1774 1563 1817 primo
1595 1772 1679 1808 libro
1704 1772 1832 1808 dixisse
1851 1782 1891 1808 se
1909 1777 2168 1819 commemorat,

138 1842 229 1889 quod
251 1844 288 1879 in
309 1843 476 1887 principio
493 1842 648 1892 ejusdem
661 1841 751 1887 libri,
768 1850 869 1886 quem
884 1844 965 1877 tunc
981 1841 1168 1887 scribebat,
1184 1844 1358 1887 posuerat.
1400 1841 1468 1877 Sed
1484 1842 1518 1875 in
1534 1841 1590 1876 his
1606 1842 1783 1885 unicuique
1800 1850 1901 1876 suum
1917 1844 1995 1877 esto
2018 1841 2167 1879 liberum

135 1909 321 1956 iudicium;
344 1918 455 1955 neque
479 1910 570 1945 enim
594 1912 675 1946 sunt
697 1910 785 1945 tanti
807 1910 980 1955 momenti,
1007 1918 1109 1954 quum
1123 1918 1239 1945 rerum
1262 1909 1452 1945 divinarum
1471 1908 1566 1944 libris
1591 1909 1666 1944 illas
1690 1908 1808 1944 deberi
1830 1909 2019 1953 particulas
2037 1912 2170 1946 certum

140 1979 198 2015 sit.
245 1978 389 2014 Gravius
413 1980 480 2023 est,
505 1977 595 2022 quod
617 1978 812 2021 fragmenta
836 1977 1014 2023 quaedam,
1038 1986 1152 2013 rerum
1176 1977 1364 2013 divinarum
1388 1977 1483 2012 libris
1509 1977 1612 2021 illata,
1636 1977 1671 2011 in
1694 1976 1749 2011 his
1774 1985 1845 2012 non
1867 1979 2044 2022 propriam
2067 1986 2167 2015 suam

138 2046 257 2083 sedem
280 2046 446 2082 habuisse
470 2048 586 2091 potest
609 2046 846 2091 demonstrari,
872 2054 959 2091 quae
985 2045 1029 2081 ad
1054 2045 1234 2081 Curionem
1257 2047 1428 2090 pertinere
1462 2044 1637 2080 admodum
1661 2043 1829 2088 probabili
1854 2046 2056 2090 conjectura
2080 2046 2166 2083 mihi

125 2114 266 2151 -videor
284 2117 537 2160 pronuntiasse.
587 2115 629 2149 Et
659 2116 804 2159 primum
836 2114 972 2159 quidem
1002 2113 1217 2149 nobilissima
1249 2114 1307 2150 illa
1336 2114 1547 2158 fragmenta,
1581 2121 1667 2156 quae
1697 2116 1840 2158 quarto,
1874 2115 2014 2158 quinto,
2052 2117 2165 2160 sexto,

136 2184 283 2229 septimo
308 2182 383 2220 loco
407 2184 597 2229 posuimus,
629 2182 852 2229 Augustinus,
885 2182 1048 2218 Varronis
1081 2183 1254 2226 ingenium
1279 2185 1339 2218 aut
1354 2191 1494 2227 prorsus
1512 2183 1671 2225 ignorans
1694 2182 1753 2216 aut
1770 2181 1930 2217 simulate
1948 2181 2163 2228 deformans,

138 2259 217 2289 eum
247 2252 284 2287 in
304 2250 411 2287 ilnem
433 2251 583 2297 profert,
616 2253 655 2286 ut
686 2250 791 2297 illum,
825 2252 861 2287 et
885 2259 1088 2296 oppressum
1113 2252 1315 2286 auctoritate
1340 2251 1503 2294 majorum
1528 2251 1561 2284 et
1578 2248 1741 2284 imbutum
1765 2258 1809 2285 ea
1835 2250 2047 2295 quorumdam
2073 2250 2166 2286 velut

138 2321 344 2367 sapientium
367 2320 517 2366 fallacia,
543 2329 610 2365 qua
634 2320 708 2355 falli
733 2321 891 2356 civitates
915 2321 951 2354 in
975 2319 1140 2363 religione
1165 2320 1331 2364 putabant
1354 2318 1529 2363 expedire,
1562 2318 1682 2353 doceat
1706 2327 1776 2353 non
1802 2321 1918 2354 omnia
1943 2328 2032 2364 quae
2058 2321 2164 2355 sciret

137 2384 317 2433 aperuisse
341 2391 376 2425 et
399 2389 532 2425 civibus
557 2388 828 2434 commendasse,
847 2397 935 2433 quae
959 2387 1052 2424 falsa
1076 2390 1135 2423 aut
1159 2390 1270 2433 turpia
1294 2397 1373 2424 esse
1398 2389 1471 2432 ipse
1495 2386 1732 2422 intellexisset.
1771 2386 1809 2423 Id
1826 2387 1957 2423 factum
1974 2396 1996 2424 a
2012 2387 2164 2424 Varrone

137 2454 221 2494 dicit
242 2458 280 2494 in
302 2457 390 2495 ludis
416 2459 578 2505 scenicis,
602 2457 658 2504 IV,
682 2458 740 2494 31.
763 2456 820 2494 his
845 2456 981 2494 verbis:
1004 2455 1085 2503 quid
1108 2455 1227 2503 Varro,
1253 2465 1351 2502 quem
1375 2455 1524 2492 dolemus
1550 2456 1585 2491 in
1609 2453 1713 2491 rebus
1738 2454 1863 2495 divinis
1888 2455 1987 2493 ludos
2005 2457 2162 2493 scenicos

136 2527 291 2570 quamvls
314 2535 384 2562 non
405 2527 534 2572 Judicio
559 2528 696 2571 proprio
721 2528 895 2571 posuisse,
921 2545 966 2550 —
991 2534 1105 2561 nonne
1130 2528 1180 2561 ita
1204 2525 1399 2560 confitetur:
1441 2533 1508 2558 non
1541 2533 1580 2558 se
1614 2524 1671 2558 illa
1689 2524 1823 2568 ⁴iudicio
1849 2534 1913 2560 suo
1939 2527 2048 2569 sequi,
2074 2534 2162 2569 quae

135 2593 315 2629 civitatem.
337 2595 525 2631 Romanam
557 2595 751 2631 instituisse
784 2597 1046 2640 commemorat,
1079 2598 1127 2639 ut,
1161 2596 1193 2629 si
1226 2602 1302 2629 eam
1334 2594 1505 2629 civitatem
1539 2601 1662 2628 novam
1686 2594 1925 2638 constitueret,
1951 2602 1994 2628 ex
2018 2596 2161 2630 naturae

134 2661 249 2706 potius
270 2661 418 2698 formula
442 2664 526 2700 deos
550 2665 755 2708 nominaque
780 2663 921 2700 deorum
946 2671 985 2698 se
1009 2663 1120 2698 fuisse
1146 2662 1374 2698 dedicaturum
1399 2669 1468 2696 non
1493 2660 1625 2696 dubitet
1648 2660 1831 2697 confiteri?
1848 2680 1894 2686 --
1911 2661 2055 2706 addens,
2083 2670 2160 2698 eum

135 2728 308 2766 evidenter
332 2730 512 2767 consilium
535 2739 637 2768 suum
661 2733 840 2779 aperuisse
865 2731 955 2767 alio
980 2731 1074 2767 loco
1108 2730 1157 2766 de
1185 2728 1489 2773 religionibus
1514 2728 1718 2774 loquentem.
1769 2729 1843 2765 Jam
1868 2732 2058 2773 sequuntur
2081 2728 2163 2766 illae

134 2800 280 2845 quamor
301 2798 489 2845 particulae
513 2809 556 2837 eo
580 2801 711 2849 ordine,
734 2810 801 2848 quo
825 2810 891 2839 nos
916 2809 977 2837 eas
1000 2801 1188 2847 posuimus,
1213 2799 1403 2843 interjectis
1430 2799 1615 2836 enuntiatis
1640 2798 1780 2845 aliquot,
1810 2797 1932 2844 quibus
1951 2797 2165 2843 Augustinus
